   IFRAME: https://www.googletagmanager.com/ns.html?id=GTM-NXC92P

Pas de Javascript

   S’il vous plait active Javascript

   jumpmark.screenreadertext
     * jumpmark.item.textblock.menu
     * jumpmark.item.textblock.services
     * jumpmark.item.textblock.content
     * jumpmark.item.textblock.language
     * jumpmark.item.textblock.language

     * Nous utilisons des cookies pour améliorer votre expérience sur
       notre site. En poursuivant votre navigation sur ce site, vous
       consentez à notre utilisation des cookies conformément à notre
       politique en matière de cookies.

   Plus d’information
   (BUTTON) OK

   Lidl.fr
   Navigation de la compagnie
     * Nos engagements
     * Emplois
     * Immobilier
     * Facture en ligne
     * Découvrir Lidl
     * Informations Clients
     * Aide et Service

   Chosir votre langue
     * fr: fr

   Lidl France
   Menu
   Le vrai prix des bonnes choses
   Navigation de l'utilisateur
     * Supermarché et horaires
     * Catalogues en ligne
     * Newsletter
     * Contact
     * Réseaux sociaux

   Réseaux sociaux
     * Youtube
     * Facebook
     * Instagram

   Prospectus en ligne

   Sélectionnez votre supermarché pour voir toutes les offres disponibles
   dans votre région

   Voir les offres dans votre région ____________________ (BUTTON)
   Utiliser la position actuelle

   Afficher plus de prospectus
   Trouvez votre supermarché
   Indiquez une ville et découvrez les supermarchés autour de vous
   Navigation principale
     * Retour

   (BUTTON)
   Nos offres
     * Nos offres Vue d’ensemble
     * Semaine actuelle
          + Semaine actuelle Vue d’ensemble
          + Lundi 07/10 Bricolage
          + Lundi 07/10 Mode : Femme
          + Mercredi 09/10 Si bon, si bio
          + Mercredi 09/10 Foire à la bière
          + Mercredi 09/10 Les Saveurs Régionales
          + Jeudi 10/10 Salle de bain
          + Jeudi 10/10 Mode : Homme
     * Semaine prochaine
          + Semaine prochaine Vue d’ensemble
          + Lundi 14/10 Cuisine
          + Lundi 14/10 Mode
          + Mercredi 16/10 Italiamo
          + Mercredi 16/10 Halloween

   Marché
     * Marché Vue d’ensemble
     * Semaine actuelle
          + Semaine actuelle Vue d’ensemble
          + Fruits et Légumes
          + Viandes et Poissons
          + Plantes & Fleurs
          + Offres spéciales
          + Super Samedi
     * Semaine prochaine
          + Semaine prochaine Vue d’ensemble
          + Fruits et Légumes
          + Viandes et Poissons
          + Plantes & Fleurs
          + Offres spéciales
          + Super Samedi

   Recettes
   Le Blog
   Bébé
   Lidl 30 ans
   Jeux
   Astérix
   Voyages
   Boutique Vins
   Les producteurs
   (BUTTON)
   Chosir votre langue
     * fr: fr

   Navigation de la compagnie
     * Nos engagements
     * Emplois
     * Immobilier
     * Facture en ligne
     * Découvrir Lidl
     * Informations Clients
     * Aide et Service

     *
     *
     *

   (BUTTON)
   Semaine actuelle
   Semaine prochaine
   (BUTTON)
     * Semaine actuelle
       (BUTTON)
       Lundi 07/10 Bricolage
       Lundi 07/10 Mode : Femme
       Mercredi 09/10 Si bon, si bio
       Mercredi 09/10 Foire à la bière
       Mercredi 09/10 Les Saveurs Régionales
       Jeudi 10/10 Salle de bain
       Jeudi 10/10 Mode : Homme
       (BUTTON)
     * Semaine prochaine
       (BUTTON)
       Lundi 14/10 Cuisine
       Lundi 14/10 Mode
       Mercredi 16/10 Italiamo
       Mercredi 16/10 Halloween
       (BUTTON)

   En vente le 09/10

Rillettes de porc Label Rouge ^

   1.99
   €
   200 g | 1 kg = 9.95 €
     * A partir du 09.10.
     * ribbon-image

2 feuilletés de la mer ^

   2.39
   €
   340 g | 1 kg = 7.03 €
     * A partir du 09.10.
     * ribbon-image

Petit salé Lillois ^

   1.99
   €
   200 g | 1 kg = 9.95 €
     * A partir du 09.10.
     * ribbon-image

Bêtises de Cambrai ^

   1.29
   €
   200 g | 1 kg = 6.45 €
     * A partir du 09.10.

Gaufrettes amusantes ^

   1.79
   €
   175 g | 1 kg = 10.23 €
     * A partir du 09.10.

Salade de cervelas ^

   2.29
   €
   500 g | 1 kg = 4.58 €
     * A partir du 09.10.
     * ribbon-image

Pavé Burger Bacon Munster ^

   2.49
   €
   195 g | 1 kg = 12.77 €
     * A partir du 09.10.
     * ribbon-image

12 accras de morue sauce aigre douce ^

   1.59
   €
   210 g | 1 kg = 7.57 €
     * A partir du 09.10.
     * ribbon-image

Époisses AOP ^

   3.99
   €
   250 g | 1 kg = 15.96 €
     * A partir du 09.10.
     * ribbon-image

Langres AOP ^

   2.75
   €
   180 g | 1 kg = 15.28 €
     * A partir du 09.10.
     * ribbon-image

Boudins noirs rhum** raisins ^

   1.99
   €
   330 g | 1 kg = 6.03 €
     * A partir du 09.10.
     * ribbon-image

Délices de Framboises et Biscuits Rose de Reims ^

   1.99
   €
   260 g | 1 kg = 7.65 €
     * A partir du 09.10.
     * ribbon-image

Fromage blanc battu ^

   2.29
   €
   800 g | 1 kg = 2.86 €
     * A partir du 09.10.
     * ribbon-image

Sorbet plein fruit au cassis de France ^

   2.49
   €
   325 g | 1 kg = 7.66 €
     * A partir du 09.10.
     * ribbon-image

Soda artisanal ^

   1.49
   €
   75 cl | 1 L = 1.99 €
     * A partir du 09.10.

Bourgogne aligoté AOP ^

   -14% 4.99 € cake.pricebox.originalPrice
   4.25
   €
   75 cl | 1 L = 5.67 €
     * 09.10. - 15.10.

Pissaladière ^

   2.69
   €
   270 g | 1 kg = 9.96 €
     * A partir du 09.10.
     * ribbon-image

Bouillabaisse ^

   4.99
   €
   900 g | 1 kg = 5.54 €
     * A partir du 09.10.
     * ribbon-image

Tripes à la provençale ^

   2.79
   €
   500 g | 1 kg = 5.58 €
     * A partir du 09.10.
     * ribbon-image

Bouillabaisse aux épices ^

   5.99
   €
   1.5 kg | 1 kg = 3.99 €
     * A partir du 09.10.
     * ribbon-image

2 yaourts brassés figue-miel ^

   1.99
   €
   2 x 160 g | 1 kg = 6.22 €
     * A partir du 09.10.
     * ribbon-image

Huile d’olive de Provence AOC vierge extra ^

   4.29
   €
   250 ml | 1 L = 17.16 €
     * A partir du 09.10.

Bouchons du Quercy ^

   1.89
   €
   90 g | 1 kg = 21.00 €
     * A partir du 09.10.
     * ribbon-image

9 mini tielles sétoises ^

   2.49
   €
   180 g | 1 kg = 13.83 €
     * A partir du 09.10.
     * ribbon-image

Muscat de Mireval AOP ^

   5.29
   €
   75 cl | 1 L = 7.05 €
     * A partir du 09.10.

Savon de Provence ^

   0.99
   €
   100 g | 1 kg = 9.90 €
     * A partir du 09.10.

Mini samoussas au boeuf ^

   2.39
   €
   200 g | 1 kg = 11.95 €
     * A partir du 09.10.

Boudin noir antillais ^

   1.69
   €
   360 g | 1 kg = 4.69 €
     * A partir du 09.10.
     * ribbon-image

Pogne de Romans ^

   3.49
   €
   400 g | 1 kg = 8.73 €
     * A partir du 09.10.

Thé ou infusion aromatisé ^

   3.69
   €
   60/80/110 g | 1 kg = 61.50 €
     * A partir du 09.10.

Sablés apéritif ^

   1.79
   €
   120 g | 1 kg = 14.92 €
     * A partir du 09.10.

Saucisson sec au bleu d’Auvergne ^

   2.89
   €
   250 g | 1 kg = 11.56 €
     * A partir du 09.10.

Jambon d’auvergne IGP ^

   1.99
   €
   100 g | 1 kg = 19.90 €
     * A partir du 09.10.
     * ribbon-image

Tartiflette au Reblochon de Savoie ^

   4.99
   €
   600 g | 1 kg = 8.32 €
     * A partir du 09.10.
     * ribbon-image

Gâteau moelleux du Limousin ^

   2.49
   €
   320 g | 1 kg = 7.78 €
     * A partir du 09.10.

Barre de nougat de Montélimar ^

   2.49
   €
   200 g | 1 kg = 12.45 €
     * A partir du 09.10.

Fleur de sel de l’île de Ré ^

   2.29
   €
   125 g | 1 kg = 18.32 €
     * A partir du 09.10.

3 terrines ^

   2.49
   €
   3 x 180 g g | 1 kg = 4.61 €
     * A partir du 09.10.

Andouille de Bretagne ^

   2.39
   €
   300 g | 1 kg = 7.97 €
     * A partir du 09.10.
     * ribbon-image

Tripes à la mode de Caen ^

   3.29
   €
   600 g | 1 kg = 5.48 €
     * A partir du 09.10.

Mogettes de Vendée IGP ^

   1.99
   €
   530 g (PNE) | 1 kg = 3.75 €
     * A partir du 09.10.
     * ribbon-image

Tarte pommes de terre et camembert ^

   1.99
   €
   350 g | 1 kg = 5.69 €
     * A partir du 09.10.
     * ribbon-image

Gâteau Breton saveur framboise ^

   2.55
   €
   400 g | 1 kg = 6.38 €
     * A partir du 09.10.

Galettes bretonnes de Pont-Aven ^

   2.19
   €
   130 g | 1 kg = 16.85 €
     * A partir du 09.10.

Berlingots Nantais ^

   1.79
   €
   150 g | 1 kg = 11.93 €
     * A partir du 09.10.

Pur jus de pomme de Bretagne ^

   1.69
   €
   La bouteille de 1 L
     * A partir du 09.10.

Pommeau de Normandie AOC ^

   6.59
   €
   70 cl | 1 L = 9.41 €
     * A partir du 09.10.

Confiture au lait de Normandie ^

   1.99
   €
   320 g | 1 kg = 6.22 €
     * A partir du 09.10.

Fine Calvados ^

   14.29
   €
   70 cl | 1 L = 20.41 €
     * A partir du 09.10.

Anjou Domaine de Gagnebert 2017 AOC** ou Saumur 2018 AOP ^

   4.49
   €
   75 cl | 1 L = 5.99 €
     * A partir du 09.10.

Boules coco ^

   1.99
   €
   200 g | 1 kg = 9.95 €
     * A partir du 09.10.

Jus frais tropical ^

   1.69
   €
   La bouteille de 1 L
     * A partir du 09.10.
     * ribbon-image

Feuilleté saumon épinards ^

   3.99
   €
   500 g | 1 kg = 7.98 €
     * A partir du 09.10.
     * ribbon-image

Nectar de pêche de vigne zéro gaspi ^

   1.99
   €
   75 cl | 1 L = 2.65 €
     * A partir du 09.10.

3 Rocamadour AOP ^

   2.19
   €
   105 g | 1 kg = 20.86 €
     * A partir du 09.10.
     * ribbon-image

Gardianne de taureau au vin des Costières ^

   4.59
   €
   585 g | 1 kg = 7.85 €
     * A partir du 09.10.

Garbure au jambon de pays aux 6 légumes ^

   3.29
   €
   760 g | 1 kg = 4.33 €
     * A partir du 09.10.

Poulet basquaise ^

   3.99
   €
   760 g | 1 kg = 5.25 €
     * A partir du 09.10.

Parmentier de canard ^

   4.99
   €
   750 g | 1 kg = 6.65 €
     * A partir du 09.10.
     * ribbon-image

Brandade de morue de Nîmes ^

   1.99
   €
   190 g | 1 kg = 10.47 €
     * A partir du 09.10.

Cake Océane ^

   2.99
   €
   260 g | 1 kg = 11.50 €
     * A partir du 09.10.
     * ribbon-image

Coq au vin de Bergerac ^

   3.99
   €
   760 g | 1 kg = 5.25 €
     * A partir du 09.10.

Pastis Landais ^

   2.99
   €
   450 g | 1 kg = 6.64 €
     * A partir du 09.10.

Croustade des Pyrénées aux pruneaux ^

   2.99
   €
   350 g | 1 kg = 8.54 €
     * A partir du 09.10.

6 canelés de Bordeaux ^

   1.99
   €
   360 g | 1 kg = 5.53 €
     * A partir du 09.10.
     * ribbon-image

Crème glacée ^

   2.49
   €
   280 g | 1 kg = 8.89 €
     * ribbon-image

Miel de Languedoc-Roussillon ^

   3.99
   €
   375 g | 1 kg = 10.64 €
     * A partir du 09.10.

Samoussas poulet curry-coco ^

   2.29
   €
   230 g | 1 kg = 9.96 €
     * A partir du 09.10.
     * ribbon-image

Kouign Amann ^

   4.45
   €
   400 g | 1 kg = 11.13 €
     * A partir du 09.10.

     * Satisfait ou remboursé
     * Pain chaque jour
     * Nos engagements

   Choisir votre langage
     * fr: fr

   Ne manquez plus nos offres !
   Entrez votre adresse mail ____________________ (BUTTON) Inscrivez-vous
   pour recevoir les newsletter et les offres
     * Plan du site
          + Nos offres
          + Marché
          + Recettes
          + Le Blog
          + Bébé
          + Lidl 30 ans
          + Jeux
          + Astérix
          + Voyages
          + Boutique Vins
          + Les producteurs
     * Application Mobile
          +
          +
     * Légal
          + Protection des données
          + Informations sur les cookies
          + Mentions légales
     * Contactez-nous
       Tél : 0800 900 343
       Nous contacter
       Du lundi au samedi de 8h30 à 19h30
       Service et appel gratuits
     * Supermarchés près de chez vous
       Utiliser ma location Trouver votre supermarché
       Supermarchés près de chez vous ____________________ (BUTTON)

     * Navigation de la compagnie
          + Nos engagements
          + Emplois
          + Immobilier
          + Facture en ligne
          + Découvrir Lidl
          + Informations Clients
          + Aide et Service
     *
          +
          +
          +

   (BUTTON) Revenir en haut de la page
   IFRAME: https://www.googletagmanager.com/ns.html?id=GTM-NXC92P

Pas de Javascript

   S’il vous plait active Javascript

   jumpmark.screenreadertext
     * jumpmark.item.textblock.menu
     * jumpmark.item.textblock.services
     * jumpmark.item.textblock.content
     * jumpmark.item.textblock.language
     * jumpmark.item.textblock.language

     * Nous utilisons des cookies pour améliorer votre expérience sur
       notre site. En poursuivant votre navigation sur ce site, vous
       consentez à notre utilisation des cookies conformément à notre
       politique en matière de cookies.

   Plus d’information
   (BUTTON) OK

   Lidl.fr
   Navigation de la compagnie
     * Nos engagements
     * Emplois
     * Immobilier
     * Facture en ligne
     * Découvrir Lidl
     * Informations Clients
     * Aide et Service

   Chosir votre langue
     * fr: fr

   Lidl France
   Menu
   Le vrai prix des bonnes choses
   Navigation de l'utilisateur
     * Supermarché et horaires
     * Catalogues en ligne
     * Newsletter
     * Contact
     * Réseaux sociaux

   Réseaux sociaux
     * Youtube
     * Facebook
     * Instagram

   Prospectus en ligne

   Sélectionnez votre supermarché pour voir toutes les offres disponibles
   dans votre région

   Voir les offres dans votre région ____________________ (BUTTON)
   Utiliser la position actuelle

   Afficher plus de prospectus
   Trouvez votre supermarché
   Indiquez une ville et découvrez les supermarchés autour de vous
   Navigation principale
     * Retour

   (BUTTON)
   Nos offres
     * Nos offres Vue d’ensemble
     * Semaine actuelle
          + Semaine actuelle Vue d’ensemble
          + Lundi 07/10 Bricolage
          + Lundi 07/10 Mode : Femme
          + Mercredi 09/10 Si bon, si bio
          + Mercredi 09/10 Foire à la bière
          + Mercredi 09/10 Les Saveurs Régionales
          + Jeudi 10/10 Salle de bain
          + Jeudi 10/10 Mode : Homme
     * Semaine prochaine
          + Semaine prochaine Vue d’ensemble
          + Lundi 14/10 Cuisine
          + Lundi 14/10 Mode
          + Mercredi 16/10 Italiamo
          + Mercredi 16/10 Halloween

   Marché
     * Marché Vue d’ensemble
     * Semaine actuelle
          + Semaine actuelle Vue d’ensemble
          + Fruits et Légumes
          + Viandes et Poissons
          + Plantes & Fleurs
          + Offres spéciales
          + Super Samedi
     * Semaine prochaine
          + Semaine prochaine Vue d’ensemble
          + Fruits et Légumes
          + Viandes et Poissons
          + Plantes & Fleurs
          + Offres spéciales
          + Super Samedi

   Recettes
   Le Blog
   Bébé
   Lidl 30 ans
   Jeux
   Astérix
   Voyages
   Boutique Vins
   Les producteurs
   (BUTTON)
   Chosir votre langue
     * fr: fr

   Navigation de la compagnie
     * Nos engagements
     * Emplois
     * Immobilier
     * Facture en ligne
     * Découvrir Lidl
     * Informations Clients
     * Aide et Service

     *
     *
     *

    1. Les Saveurs Régionales
    2. 3 terrines

   (BUTTON)
   Pincer pour zoomer (n.t.)
   Zoomer (n.t.)
   Cliquer pour zoom (n.t.)
   (BUTTON)
   (BUTTON)
   (BUTTON)

3 terrines ^

   2.49
   €
   3 x 180 g g | 1 kg = 4.61 €
   Disponibilité
   A partir du 09.10.
     * Assortiment d’une terrine de porc au Muscadet**, d’une terrine de
       porc au jambon vendéen et d’une terrine de porc au sel de Guérande

Autres produits attrayants

   (BUTTON)

Brandade de morue de Nîmes ^

   1.99
   €
   190 g | 1 kg = 10.47 €
     * A partir du 09.10.

Poulet basquaise ^

   3.99
   €
   760 g | 1 kg = 5.25 €
     * A partir du 09.10.

Coq au vin de Bergerac ^

   3.99
   €
   760 g | 1 kg = 5.25 €
     * A partir du 09.10.

Garbure au jambon de pays aux 6 légumes ^

   3.29
   €
   760 g | 1 kg = 4.33 €
     * A partir du 09.10.

Gardianne de taureau au vin des Costières ^

   4.59
   €
   585 g | 1 kg = 7.85 €
     * A partir du 09.10.

Nectar de pêche de vigne zéro gaspi ^

   1.99
   €
   75 cl | 1 L = 2.65 €
     * A partir du 09.10.

Boules coco ^

   1.99
   €
   200 g | 1 kg = 9.95 €
     * A partir du 09.10.

Confiture au lait de Normandie ^

   1.99
   €
   320 g | 1 kg = 6.22 €
     * A partir du 09.10.

Pastis Landais ^

   2.99
   €
   450 g | 1 kg = 6.64 €
     * A partir du 09.10.

Pur jus de pomme de Bretagne ^

   1.69
   €
   La bouteille de 1 L
     * A partir du 09.10.

Berlingots Nantais ^

   1.79
   €
   150 g | 1 kg = 11.93 €
     * A partir du 09.10.

Galettes bretonnes de Pont-Aven ^

   2.19
   €
   130 g | 1 kg = 16.85 €
     * A partir du 09.10.

Gâteau Breton saveur framboise ^

   2.55
   €
   400 g | 1 kg = 6.38 €
     * A partir du 09.10.

Croustade des Pyrénées aux pruneaux ^

   2.99
   €
   350 g | 1 kg = 8.54 €
     * A partir du 09.10.

Mogettes de Vendée IGP ^

   1.99
   €
   530 g (PNE) | 1 kg = 3.75 €
     * A partir du 09.10.
     * ribbon-image

   (BUTTON)

     * Satisfait ou remboursé
     * Pain chaque jour
     * Nos engagements

   Choisir votre langage
     * fr: fr

   Ne manquez plus nos offres !
   Entrez votre adresse mail ____________________ (BUTTON) Inscrivez-vous
   pour recevoir les newsletter et les offres
     * Plan du site
          + Nos offres
          + Marché
          + Recettes
          + Le Blog
          + Bébé
          + Lidl 30 ans
          + Jeux
          + Astérix
          + Voyages
          + Boutique Vins
          + Les producteurs
     * Application Mobile
          +
          +
     * Légal
          + Protection des données
          + Informations sur les cookies
          + Mentions légales
     * Contactez-nous
       Tél : 0800 900 343
       Nous contacter
       Du lundi au samedi de 8h30 à 19h30
       Service et appel gratuits
     * Supermarchés près de chez vous
       Utiliser ma location Trouver votre supermarché
       Supermarchés près de chez vous ____________________ (BUTTON)

     * Navigation de la compagnie
          + Nos engagements
          + Emplois
          + Immobilier
          + Facture en ligne
          + Découvrir Lidl
          + Informations Clients
          + Aide et Service
     *
          +
          +
          +

   (BUTTON) Revenir en haut de la page
   IFRAME: https://www.googletagmanager.com/ns.html?id=GTM-NXC92P

Pas de Javascript

   S’il vous plait active Javascript

   jumpmark.screenreadertext
     * jumpmark.item.textblock.menu
     * jumpmark.item.textblock.services
     * jumpmark.item.textblock.content
     * jumpmark.item.textblock.language
     * jumpmark.item.textblock.language

     * Nous utilisons des cookies pour améliorer votre expérience sur
       notre site. En poursuivant votre navigation sur ce site, vous
       consentez à notre utilisation des cookies conformément à notre
       politique en matière de cookies.

   Plus d’information
   (BUTTON) OK

   Lidl.fr
   Navigation de la compagnie
     * Nos engagements
     * Emplois
     * Immobilier
     * Facture en ligne
     * Découvrir Lidl
     * Informations Clients
     * Aide et Service

   Chosir votre langue
     * fr: fr

   Lidl France
   Menu
   Le vrai prix des bonnes choses
   Navigation de l'utilisateur
     * Supermarché et horaires
     * Catalogues en ligne
     * Newsletter
     * Contact
     * Réseaux sociaux

   Réseaux sociaux
     * Youtube
     * Facebook
     * Instagram

   Prospectus en ligne

   Sélectionnez votre supermarché pour voir toutes les offres disponibles
   dans votre région

   Voir les offres dans votre région ____________________ (BUTTON)
   Utiliser la position actuelle

   Afficher plus de prospectus
   Trouvez votre supermarché
   Indiquez une ville et découvrez les supermarchés autour de vous
   Navigation principale
     * Retour

   (BUTTON)
   Nos offres
     * Nos offres Vue d’ensemble
     * Semaine actuelle
          + Semaine actuelle Vue d’ensemble
          + Lundi 07/10 Bricolage
          + Lundi 07/10 Mode : Femme
          + Mercredi 09/10 Si bon, si bio
          + Mercredi 09/10 Foire à la bière
          + Mercredi 09/10 Les Saveurs Régionales
          + Jeudi 10/10 Salle de bain
          + Jeudi 10/10 Mode : Homme
     * Semaine prochaine
          + Semaine prochaine Vue d’ensemble
          + Lundi 14/10 Cuisine
          + Lundi 14/10 Mode
          + Mercredi 16/10 Italiamo
          + Mercredi 16/10 Halloween

   Marché
     * Marché Vue d’ensemble
     * Semaine actuelle
          + Semaine actuelle Vue d’ensemble
          + Fruits et Légumes
          + Viandes et Poissons
          + Plantes & Fleurs
          + Offres spéciales
          + Super Samedi
     * Semaine prochaine
          + Semaine prochaine Vue d’ensemble
          + Fruits et Légumes
          + Viandes et Poissons
          + Plantes & Fleurs
          + Offres spéciales
          + Super Samedi

   Recettes
   Le Blog
   Bébé
   Lidl 30 ans
   Jeux
   Astérix
   Voyages
   Boutique Vins
   Les producteurs
   (BUTTON)
   Chosir votre langue
     * fr: fr

   Navigation de la compagnie
     * Nos engagements
     * Emplois
     * Immobilier
     * Facture en ligne
     * Découvrir Lidl
     * Informations Clients
     * Aide et Service

     *
     *
     *

    1. Les Saveurs Régionales
    2. Fleur de sel de l’île de Ré

   (BUTTON)
   Pincer pour zoomer (n.t.)
   Zoomer (n.t.)
   Cliquer pour zoom (n.t.)
   (BUTTON)
   (BUTTON)
   (BUTTON)

Fleur de sel de l’île de Ré ^

   2.29
   €
   125 g | 1 kg = 18.32 €
   Disponibilité
   A partir du 09.10.

Autres produits attrayants

   (BUTTON)

Gâteau moelleux du Limousin ^

   2.49
   €
   320 g | 1 kg = 7.78 €
     * A partir du 09.10.

Tartiflette au Reblochon de Savoie ^

   4.99
   €
   600 g | 1 kg = 8.32 €
     * A partir du 09.10.
     * ribbon-image

Barre de nougat de Montélimar ^

   2.49
   €
   200 g | 1 kg = 12.45 €
     * A partir du 09.10.

3 terrines ^

   2.49
   €
   3 x 180 g g | 1 kg = 4.61 €
     * A partir du 09.10.

Jambon d’auvergne IGP ^

   1.99
   €
   100 g | 1 kg = 19.90 €
     * A partir du 09.10.
     * ribbon-image

Tripes à la mode de Caen ^

   3.29
   €
   600 g | 1 kg = 5.48 €
     * A partir du 09.10.

Mogettes de Vendée IGP ^

   1.99
   €
   530 g (PNE) | 1 kg = 3.75 €
     * A partir du 09.10.
     * ribbon-image

Gâteau Breton saveur framboise ^

   2.55
   €
   400 g | 1 kg = 6.38 €
     * A partir du 09.10.

Saucisson sec au bleu d’Auvergne ^

   2.89
   €
   250 g | 1 kg = 11.56 €
     * A partir du 09.10.

Galettes bretonnes de Pont-Aven ^

   2.19
   €
   130 g | 1 kg = 16.85 €
     * A partir du 09.10.

Berlingots Nantais ^

   1.79
   €
   150 g | 1 kg = 11.93 €
     * A partir du 09.10.

Sablés apéritif ^

   1.79
   €
   120 g | 1 kg = 14.92 €
     * A partir du 09.10.

Pur jus de pomme de Bretagne ^

   1.69
   €
   La bouteille de 1 L
     * A partir du 09.10.

Confiture au lait de Normandie ^

   1.99
   €
   320 g | 1 kg = 6.22 €
     * A partir du 09.10.

Boules coco ^

   1.99
   €
   200 g | 1 kg = 9.95 €
     * A partir du 09.10.

   (BUTTON)

     * Satisfait ou remboursé
     * Pain chaque jour
     * Nos engagements

   Choisir votre langage
     * fr: fr

   Ne manquez plus nos offres !
   Entrez votre adresse mail ____________________ (BUTTON) Inscrivez-vous
   pour recevoir les newsletter et les offres
     * Plan du site
          + Nos offres
          + Marché
          + Recettes
          + Le Blog
          + Bébé
          + Lidl 30 ans
          + Jeux
          + Astérix
          + Voyages
          + Boutique Vins
          + Les producteurs
     * Application Mobile
          +
          +
     * Légal
          + Protection des données
          + Informations sur les cookies
          + Mentions légales
     * Contactez-nous
       Tél : 0800 900 343
       Nous contacter
       Du lundi au samedi de 8h30 à 19h30
       Service et appel gratuits
     * Supermarchés près de chez vous
       Utiliser ma location Trouver votre supermarché
       Supermarchés près de chez vous ____________________ (BUTTON)

     * Navigation de la compagnie
          + Nos engagements
          + Emplois
          + Immobilier
          + Facture en ligne
          + Découvrir Lidl
          + Informations Clients
          + Aide et Service
     *
          +
          +
          +

   (BUTTON) Revenir en haut de la page
   IFRAME: https://www.googletagmanager.com/ns.html?id=GTM-NXC92P

Pas de Javascript

   S’il vous plait active Javascript

   jumpmark.screenreadertext
     * jumpmark.item.textblock.menu
     * jumpmark.item.textblock.services
     * jumpmark.item.textblock.content
     * jumpmark.item.textblock.language
     * jumpmark.item.textblock.language

     * Nous utilisons des cookies pour améliorer votre expérience sur
       notre site. En poursuivant votre navigation sur ce site, vous
       consentez à notre utilisation des cookies conformément à notre
       politique en matière de cookies.

   Plus d’information
   (BUTTON) OK

   Lidl.fr
   Navigation de la compagnie
     * Nos engagements
     * Emplois
     * Immobilier
     * Facture en ligne
     * Découvrir Lidl
     * Informations Clients
     * Aide et Service

   Chosir votre langue
     * fr: fr

   Lidl France
   Menu
   Le vrai prix des bonnes choses
   Navigation de l'utilisateur
     * Supermarché et horaires
     * Catalogues en ligne
     * Newsletter
     * Contact
     * Réseaux sociaux

   Réseaux sociaux
     * Youtube
     * Facebook
     * Instagram

   Prospectus en ligne

   Sélectionnez votre supermarché pour voir toutes les offres disponibles
   dans votre région

   Voir les offres dans votre région ____________________ (BUTTON)
   Utiliser la position actuelle

   Afficher plus de prospectus
   Trouvez votre supermarché
   Indiquez une ville et découvrez les supermarchés autour de vous
   Navigation principale
     * Retour

   (BUTTON)
   Nos offres
     * Nos offres Vue d’ensemble
     * Semaine actuelle
          + Semaine actuelle Vue d’ensemble
          + Lundi 07/10 Bricolage
          + Lundi 07/10 Mode : Femme
          + Mercredi 09/10 Si bon, si bio
          + Mercredi 09/10 Foire à la bière
          + Mercredi 09/10 Les Saveurs Régionales
          + Jeudi 10/10 Salle de bain
          + Jeudi 10/10 Mode : Homme
     * Semaine prochaine
          + Semaine prochaine Vue d’ensemble
          + Lundi 14/10 Cuisine
          + Lundi 14/10 Mode
          + Mercredi 16/10 Italiamo
          + Mercredi 16/10 Halloween

   Marché
     * Marché Vue d’ensemble
     * Semaine actuelle
          + Semaine actuelle Vue d’ensemble
          + Fruits et Légumes
          + Viandes et Poissons
          + Plantes & Fleurs
          + Offres spéciales
          + Super Samedi
     * Semaine prochaine
          + Semaine prochaine Vue d’ensemble
          + Fruits et Légumes
          + Viandes et Poissons
          + Plantes & Fleurs
          + Offres spéciales
          + Super Samedi

   Recettes
   Le Blog
   Bébé
   Lidl 30 ans
   Jeux
   Astérix
   Voyages
   Boutique Vins
   Les producteurs
   (BUTTON)
   Chosir votre langue
     * fr: fr

   Navigation de la compagnie
     * Nos engagements
     * Emplois
     * Immobilier
     * Facture en ligne
     * Découvrir Lidl
     * Informations Clients
     * Aide et Service

     *
     *
     *

    1. Les Saveurs Régionales
    2. Barre de nougat de Montélimar

   (BUTTON)
   Pincer pour zoomer (n.t.)
   Zoomer (n.t.)
   Cliquer pour zoom (n.t.)
   (BUTTON)
   (BUTTON)
   (BUTTON)

Barre de nougat de Montélimar ^

   2.49
   €
   200 g | 1 kg = 12.45 €
   Disponibilité
   A partir du 09.10.
     * Fabriqué en France

Autres produits attrayants

   (BUTTON)

Boules coco ^

   1.99
   €
   200 g | 1 kg = 9.95 €
     * A partir du 09.10.

Nectar de pêche de vigne zéro gaspi ^

   1.99
   €
   75 cl | 1 L = 2.65 €
     * A partir du 09.10.

Confiture au lait de Normandie ^

   1.99
   €
   320 g | 1 kg = 6.22 €
     * A partir du 09.10.

Pur jus de pomme de Bretagne ^

   1.69
   €
   La bouteille de 1 L
     * A partir du 09.10.

Gardianne de taureau au vin des Costières ^

   4.59
   €
   585 g | 1 kg = 7.85 €
     * A partir du 09.10.

Berlingots Nantais ^

   1.79
   €
   150 g | 1 kg = 11.93 €
     * A partir du 09.10.

Galettes bretonnes de Pont-Aven ^

   2.19
   €
   130 g | 1 kg = 16.85 €
     * A partir du 09.10.

Garbure au jambon de pays aux 6 légumes ^

   3.29
   €
   760 g | 1 kg = 4.33 €
     * A partir du 09.10.

Gâteau Breton saveur framboise ^

   2.55
   €
   400 g | 1 kg = 6.38 €
     * A partir du 09.10.

Poulet basquaise ^

   3.99
   €
   760 g | 1 kg = 5.25 €
     * A partir du 09.10.

Mogettes de Vendée IGP ^

   1.99
   €
   530 g (PNE) | 1 kg = 3.75 €
     * A partir du 09.10.
     * ribbon-image

Tripes à la mode de Caen ^

   3.29
   €
   600 g | 1 kg = 5.48 €
     * A partir du 09.10.

Brandade de morue de Nîmes ^

   1.99
   €
   190 g | 1 kg = 10.47 €
     * A partir du 09.10.

3 terrines ^

   2.49
   €
   3 x 180 g g | 1 kg = 4.61 €
     * A partir du 09.10.

Fleur de sel de l’île de Ré ^

   2.29
   €
   125 g | 1 kg = 18.32 €
     * A partir du 09.10.

   (BUTTON)

     * Satisfait ou remboursé
     * Pain chaque jour
     * Nos engagements

   Choisir votre langage
     * fr: fr

   Ne manquez plus nos offres !
   Entrez votre adresse mail ____________________ (BUTTON) Inscrivez-vous
   pour recevoir les newsletter et les offres
     * Plan du site
          + Nos offres
          + Marché
          + Recettes
          + Le Blog
          + Bébé
          + Lidl 30 ans
          + Jeux
          + Astérix
          + Voyages
          + Boutique Vins
          + Les producteurs
     * Application Mobile
          +
          +
     * Légal
          + Protection des données
          + Informations sur les cookies
          + Mentions légales
     * Contactez-nous
       Tél : 0800 900 343
       Nous contacter
       Du lundi au samedi de 8h30 à 19h30
       Service et appel gratuits
     * Supermarchés près de chez vous
       Utiliser ma location Trouver votre supermarché
       Supermarchés près de chez vous ____________________ (BUTTON)

     * Navigation de la compagnie
          + Nos engagements
          + Emplois
          + Immobilier
          + Facture en ligne
          + Découvrir Lidl
          + Informations Clients
          + Aide et Service
     *
          +
          +
          +

   (BUTTON) Revenir en haut de la page
   IFRAME: https://www.googletagmanager.com/ns.html?id=GTM-NXC92P

Pas de Javascript

   S’il vous plait active Javascript

   jumpmark.screenreadertext
     * jumpmark.item.textblock.menu
     * jumpmark.item.textblock.services
     * jumpmark.item.textblock.content
     * jumpmark.item.textblock.language
     * jumpmark.item.textblock.language

     * Nous utilisons des cookies pour améliorer votre expérience sur
       notre site. En poursuivant votre navigation sur ce site, vous
       consentez à notre utilisation des cookies conformément à notre
       politique en matière de cookies.

   Plus d’information
   (BUTTON) OK

   Lidl.fr
   Navigation de la compagnie
     * Nos engagements
     * Emplois
     * Immobilier
     * Facture en ligne
     * Découvrir Lidl
     * Informations Clients
     * Aide et Service

   Chosir votre langue
     * fr: fr

   Lidl France
   Menu
   Le vrai prix des bonnes choses
   Navigation de l'utilisateur
     * Supermarché et horaires
     * Catalogues en ligne
     * Newsletter
     * Contact
     * Réseaux sociaux

   Réseaux sociaux
     * Youtube
     * Facebook
     * Instagram

   Prospectus en ligne

   Sélectionnez votre supermarché pour voir toutes les offres disponibles
   dans votre région

   Voir les offres dans votre région ____________________ (BUTTON)
   Utiliser la position actuelle

   Afficher plus de prospectus
   Trouvez votre supermarché
   Indiquez une ville et découvrez les supermarchés autour de vous
   Navigation principale
     * Retour

   (BUTTON)
   Nos offres
     * Nos offres Vue d’ensemble
     * Semaine actuelle
          + Semaine actuelle Vue d’ensemble
          + Lundi 07/10 Bricolage
          + Lundi 07/10 Mode : Femme
          + Mercredi 09/10 Si bon, si bio
          + Mercredi 09/10 Foire à la bière
          + Mercredi 09/10 Les Saveurs Régionales
          + Jeudi 10/10 Salle de bain
          + Jeudi 10/10 Mode : Homme
     * Semaine prochaine
          + Semaine prochaine Vue d’ensemble
          + Lundi 14/10 Cuisine
          + Lundi 14/10 Mode
          + Mercredi 16/10 Italiamo
          + Mercredi 16/10 Halloween

   Marché
     * Marché Vue d’ensemble
     * Semaine actuelle
          + Semaine actuelle Vue d’ensemble
          + Fruits et Légumes
          + Viandes et Poissons
          + Plantes & Fleurs
          + Offres spéciales
          + Super Samedi
     * Semaine prochaine
          + Semaine prochaine Vue d’ensemble
          + Fruits et Légumes
          + Viandes et Poissons
          + Plantes & Fleurs
          + Offres spéciales
          + Super Samedi

   Recettes
   Le Blog
   Bébé
   Lidl 30 ans
   Jeux
   Astérix
   Voyages
   Boutique Vins
   Les producteurs
   (BUTTON)
   Chosir votre langue
     * fr: fr

   Navigation de la compagnie
     * Nos engagements
     * Emplois
     * Immobilier
     * Facture en ligne
     * Découvrir Lidl
     * Informations Clients
     * Aide et Service

     *
     *
     *

    1. Les Saveurs Régionales
    2. Gâteau moelleux du Limousin

   (BUTTON)
   Pincer pour zoomer (n.t.)
   Zoomer (n.t.)
   Cliquer pour zoom (n.t.)
   (BUTTON)
   (BUTTON)
   (BUTTON)

Gâteau moelleux du Limousin ^

   2.49
   €
   320 g | 1 kg = 7.78 €
   Disponibilité
   A partir du 09.10.

Autres produits attrayants

   (BUTTON)

3 terrines ^

   2.49
   €
   3 x 180 g g | 1 kg = 4.61 €
     * A partir du 09.10.

Tripes à la mode de Caen ^

   3.29
   €
   600 g | 1 kg = 5.48 €
     * A partir du 09.10.

Mogettes de Vendée IGP ^

   1.99
   €
   530 g (PNE) | 1 kg = 3.75 €
     * A partir du 09.10.
     * ribbon-image

Fleur de sel de l’île de Ré ^

   2.29
   €
   125 g | 1 kg = 18.32 €
     * A partir du 09.10.

Gâteau Breton saveur framboise ^

   2.55
   €
   400 g | 1 kg = 6.38 €
     * A partir du 09.10.

Barre de nougat de Montélimar ^

   2.49
   €
   200 g | 1 kg = 12.45 €
     * A partir du 09.10.

Galettes bretonnes de Pont-Aven ^

   2.19
   €
   130 g | 1 kg = 16.85 €
     * A partir du 09.10.

Berlingots Nantais ^

   1.79
   €
   150 g | 1 kg = 11.93 €
     * A partir du 09.10.

Tartiflette au Reblochon de Savoie ^

   4.99
   €
   600 g | 1 kg = 8.32 €
     * A partir du 09.10.
     * ribbon-image

Pur jus de pomme de Bretagne ^

   1.69
   €
   La bouteille de 1 L
     * A partir du 09.10.

Confiture au lait de Normandie ^

   1.99
   €
   320 g | 1 kg = 6.22 €
     * A partir du 09.10.

Jambon d’auvergne IGP ^

   1.99
   €
   100 g | 1 kg = 19.90 €
     * A partir du 09.10.
     * ribbon-image

Boules coco ^

   1.99
   €
   200 g | 1 kg = 9.95 €
     * A partir du 09.10.

Saucisson sec au bleu d’Auvergne ^

   2.89
   €
   250 g | 1 kg = 11.56 €
     * A partir du 09.10.

Nectar de pêche de vigne zéro gaspi ^

   1.99
   €
   75 cl | 1 L = 2.65 €
     * A partir du 09.10.

   (BUTTON)

     * Satisfait ou remboursé
     * Pain chaque jour
     * Nos engagements

   Choisir votre langage
     * fr: fr

   Ne manquez plus nos offres !
   Entrez votre adresse mail ____________________ (BUTTON) Inscrivez-vous
   pour recevoir les newsletter et les offres
     * Plan du site
          + Nos offres
          + Marché
          + Recettes
          + Le Blog
          + Bébé
          + Lidl 30 ans
          + Jeux
          + Astérix
          + Voyages
          + Boutique Vins
          + Les producteurs
     * Application Mobile
          +
          +
     * Légal
          + Protection des données
          + Informations sur les cookies
          + Mentions légales
     * Contactez-nous
       Tél : 0800 900 343
       Nous contacter
       Du lundi au samedi de 8h30 à 19h30
       Service et appel gratuits
     * Supermarchés près de chez vous
       Utiliser ma location Trouver votre supermarché
       Supermarchés près de chez vous ____________________ (BUTTON)

     * Navigation de la compagnie
          + Nos engagements
          + Emplois
          + Immobilier
          + Facture en ligne
          + Découvrir Lidl
          + Informations Clients
          + Aide et Service
     *
          +
          +
          +

   (BUTTON) Revenir en haut de la page
   IFRAME: https://www.googletagmanager.com/ns.html?id=GTM-NXC92P

Pas de Javascript

   S’il vous plait active Javascript

   jumpmark.screenreadertext
     * jumpmark.item.textblock.menu
     * jumpmark.item.textblock.services
     * jumpmark.item.textblock.content
     * jumpmark.item.textblock.language
     * jumpmark.item.textblock.language

     * Nous utilisons des cookies pour améliorer votre expérience sur
       notre site. En poursuivant votre navigation sur ce site, vous
       consentez à notre utilisation des cookies conformément à notre
       politique en matière de cookies.

   Plus d’information
   (BUTTON) OK

   Lidl.fr
   Navigation de la compagnie
     * Nos engagements
     * Emplois
     * Immobilier
     * Facture en ligne
     * Découvrir Lidl
     * Informations Clients
     * Aide et Service

   Chosir votre langue
     * fr: fr

   Lidl France
   Menu
   Le vrai prix des bonnes choses
   Navigation de l'utilisateur
     * Supermarché et horaires
     * Catalogues en ligne
     * Newsletter
     * Contact
     * Réseaux sociaux

   Réseaux sociaux
     * Youtube
     * Facebook
     * Instagram

   Prospectus en ligne

   Sélectionnez votre supermarché pour voir toutes les offres disponibles
   dans votre région

   Voir les offres dans votre région ____________________ (BUTTON)
   Utiliser la position actuelle

   Afficher plus de prospectus
   Trouvez votre supermarché
   Indiquez une ville et découvrez les supermarchés autour de vous
   Navigation principale
     * Retour

   (BUTTON)
   Nos offres
     * Nos offres Vue d’ensemble
     * Semaine actuelle
          + Semaine actuelle Vue d’ensemble
          + Lundi 07/10 Bricolage
          + Lundi 07/10 Mode : Femme
          + Mercredi 09/10 Si bon, si bio
          + Mercredi 09/10 Foire à la bière
          + Mercredi 09/10 Les Saveurs Régionales
          + Jeudi 10/10 Salle de bain
          + Jeudi 10/10 Mode : Homme
     * Semaine prochaine
          + Semaine prochaine Vue d’ensemble
          + Lundi 14/10 Cuisine
          + Lundi 14/10 Mode
          + Mercredi 16/10 Italiamo
          + Mercredi 16/10 Halloween

   Marché
     * Marché Vue d’ensemble
     * Semaine actuelle
          + Semaine actuelle Vue d’ensemble
          + Fruits et Légumes
          + Viandes et Poissons
          + Plantes & Fleurs
          + Offres spéciales
          + Super Samedi
     * Semaine prochaine
          + Semaine prochaine Vue d’ensemble
          + Fruits et Légumes
          + Viandes et Poissons
          + Plantes & Fleurs
          + Offres spéciales
          + Super Samedi

   Recettes
   Le Blog
   Bébé
   Lidl 30 ans
   Jeux
   Astérix
   Voyages
   Boutique Vins
   Les producteurs
   (BUTTON)
   Chosir votre langue
     * fr: fr

   Navigation de la compagnie
     * Nos engagements
     * Emplois
     * Immobilier
     * Facture en ligne
     * Découvrir Lidl
     * Informations Clients
     * Aide et Service

     *
     *
     *

   (BUTTON)
   Semaine actuelle
   Semaine prochaine
   (BUTTON)
     * Semaine actuelle
       (BUTTON)
       Lundi 07/10 Bricolage
       Lundi 07/10 Mode : Femme
       Mercredi 09/10 Si bon, si bio
       Mercredi 09/10 Foire à la bière
       Mercredi 09/10 Les Saveurs Régionales
       Jeudi 10/10 Salle de bain
       Jeudi 10/10 Mode : Homme
       (BUTTON)
     * Semaine prochaine
       (BUTTON)
       Lundi 14/10 Cuisine
       Lundi 14/10 Mode
       Mercredi 16/10 Italiamo
       Mercredi 16/10 Halloween
       (BUTTON)

   En vente le 09/10

Rillettes de porc Label Rouge ^

   1.99
   €
   200 g | 1 kg = 9.95 €
     * A partir du 09.10.
     * ribbon-image

2 feuilletés de la mer ^

   2.39
   €
   340 g | 1 kg = 7.03 €
     * A partir du 09.10.
     * ribbon-image

Petit salé Lillois ^

   1.99
   €
   200 g | 1 kg = 9.95 €
     * A partir du 09.10.
     * ribbon-image

Bêtises de Cambrai ^

   1.29
   €
   200 g | 1 kg = 6.45 €
     * A partir du 09.10.

Gaufrettes amusantes ^

   1.79
   €
   175 g | 1 kg = 10.23 €
     * A partir du 09.10.

Salade de cervelas ^

   2.29
   €
   500 g | 1 kg = 4.58 €
     * A partir du 09.10.
     * ribbon-image

Pavé Burger Bacon Munster ^

   2.49
   €
   195 g | 1 kg = 12.77 €
     * A partir du 09.10.
     * ribbon-image

12 accras de morue sauce aigre douce ^

   1.59
   €
   210 g | 1 kg = 7.57 €
     * A partir du 09.10.
     * ribbon-image

Époisses AOP ^

   3.99
   €
   250 g | 1 kg = 15.96 €
     * A partir du 09.10.
     * ribbon-image

Langres AOP ^

   2.75
   €
   180 g | 1 kg = 15.28 €
     * A partir du 09.10.
     * ribbon-image

Boudins noirs rhum** raisins ^

   1.99
   €
   330 g | 1 kg = 6.03 €
     * A partir du 09.10.
     * ribbon-image

Délices de Framboises et Biscuits Rose de Reims ^

   1.99
   €
   260 g | 1 kg = 7.65 €
     * A partir du 09.10.
     * ribbon-image

Fromage blanc battu ^

   2.29
   €
   800 g | 1 kg = 2.86 €
     * A partir du 09.10.
     * ribbon-image

Sorbet plein fruit au cassis de France ^

   2.49
   €
   325 g | 1 kg = 7.66 €
     * A partir du 09.10.
     * ribbon-image

Soda artisanal ^

   1.49
   €
   75 cl | 1 L = 1.99 €
     * A partir du 09.10.

Bourgogne aligoté AOP ^

   -14% 4.99 € cake.pricebox.originalPrice
   4.25
   €
   75 cl | 1 L = 5.67 €
     * 09.10. - 15.10.

Pissaladière ^

   2.69
   €
   270 g | 1 kg = 9.96 €
     * A partir du 09.10.
     * ribbon-image

Bouillabaisse ^

   4.99
   €
   900 g | 1 kg = 5.54 €
     * A partir du 09.10.
     * ribbon-image

Tripes à la provençale ^

   2.79
   €
   500 g | 1 kg = 5.58 €
     * A partir du 09.10.
     * ribbon-image

Bouillabaisse aux épices ^

   5.99
   €
   1.5 kg | 1 kg = 3.99 €
     * A partir du 09.10.
     * ribbon-image

2 yaourts brassés figue-miel ^

   1.99
   €
   2 x 160 g | 1 kg = 6.22 €
     * A partir du 09.10.
     * ribbon-image

Huile d’olive de Provence AOC vierge extra ^

   4.29
   €
   250 ml | 1 L = 17.16 €
     * A partir du 09.10.

Bouchons du Quercy ^

   1.89
   €
   90 g | 1 kg = 21.00 €
     * A partir du 09.10.
     * ribbon-image

9 mini tielles sétoises ^

   2.49
   €
   180 g | 1 kg = 13.83 €
     * A partir du 09.10.
     * ribbon-image

Muscat de Mireval AOP ^

   5.29
   €
   75 cl | 1 L = 7.05 €
     * A partir du 09.10.

Savon de Provence ^

   0.99
   €
   100 g | 1 kg = 9.90 €
     * A partir du 09.10.

Mini samoussas au boeuf ^

   2.39
   €
   200 g | 1 kg = 11.95 €
     * A partir du 09.10.

Boudin noir antillais ^

   1.69
   €
   360 g | 1 kg = 4.69 €
     * A partir du 09.10.
     * ribbon-image

Pogne de Romans ^

   3.49
   €
   400 g | 1 kg = 8.73 €
     * A partir du 09.10.

Thé ou infusion aromatisé ^

   3.69
   €
   60/80/110 g | 1 kg = 61.50 €
     * A partir du 09.10.

Sablés apéritif ^

   1.79
   €
   120 g | 1 kg = 14.92 €
     * A partir du 09.10.

Saucisson sec au bleu d’Auvergne ^

   2.89
   €
   250 g | 1 kg = 11.56 €
     * A partir du 09.10.

Jambon d’auvergne IGP ^

   1.99
   €
   100 g | 1 kg = 19.90 €
     * A partir du 09.10.
     * ribbon-image

Tartiflette au Reblochon de Savoie ^

   4.99
   €
   600 g | 1 kg = 8.32 €
     * A partir du 09.10.
     * ribbon-image

Gâteau moelleux du Limousin ^

   2.49
   €
   320 g | 1 kg = 7.78 €
     * A partir du 09.10.

Barre de nougat de Montélimar ^

   2.49
   €
   200 g | 1 kg = 12.45 €
     * A partir du 09.10.

Fleur de sel de l’île de Ré ^

   2.29
   €
   125 g | 1 kg = 18.32 €
     * A partir du 09.10.

3 terrines ^

   2.49
   €
   3 x 180 g g | 1 kg = 4.61 €
     * A partir du 09.10.

Andouille de Bretagne ^

   2.39
   €
   300 g | 1 kg = 7.97 €
     * A partir du 09.10.
     * ribbon-image

Tripes à la mode de Caen ^

   3.29
   €
   600 g | 1 kg = 5.48 €
     * A partir du 09.10.

Mogettes de Vendée IGP ^

   1.99
   €
   530 g (PNE) | 1 kg = 3.75 €
     * A partir du 09.10.
     * ribbon-image

Tarte pommes de terre et camembert ^

   1.99
   €
   350 g | 1 kg = 5.69 €
     * A partir du 09.10.
     * ribbon-image

Gâteau Breton saveur framboise ^

   2.55
   €
   400 g | 1 kg = 6.38 €
     * A partir du 09.10.

Galettes bretonnes de Pont-Aven ^

   2.19
   €
   130 g | 1 kg = 16.85 €
     * A partir du 09.10.

Berlingots Nantais ^

   1.79
   €
   150 g | 1 kg = 11.93 €
     * A partir du 09.10.

Pur jus de pomme de Bretagne ^

   1.69
   €
   La bouteille de 1 L
     * A partir du 09.10.

Pommeau de Normandie AOC ^

   6.59
   €
   70 cl | 1 L = 9.41 €
     * A partir du 09.10.

Confiture au lait de Normandie ^

   1.99
   €
   320 g | 1 kg = 6.22 €
     * A partir du 09.10.

Fine Calvados ^

   14.29
   €
   70 cl | 1 L = 20.41 €
     * A partir du 09.10.

Anjou Domaine de Gagnebert 2017 AOC** ou Saumur 2018 AOP ^

   4.49
   €
   75 cl | 1 L = 5.99 €
     * A partir du 09.10.

Boules coco ^

   1.99
   €
   200 g | 1 kg = 9.95 €
     * A partir du 09.10.

Jus frais tropical ^

   1.69
   €
   La bouteille de 1 L
     * A partir du 09.10.
     * ribbon-image

Feuilleté saumon épinards ^

   3.99
   €
   500 g | 1 kg = 7.98 €
     * A partir du 09.10.
     * ribbon-image

Nectar de pêche de vigne zéro gaspi ^

   1.99
   €
   75 cl | 1 L = 2.65 €
     * A partir du 09.10.

3 Rocamadour AOP ^

   2.19
   €
   105 g | 1 kg = 20.86 €
     * A partir du 09.10.
     * ribbon-image

Gardianne de taureau au vin des Costières ^

   4.59
   €
   585 g | 1 kg = 7.85 €
     * A partir du 09.10.

Garbure au jambon de pays aux 6 légumes ^

   3.29
   €
   760 g | 1 kg = 4.33 €
     * A partir du 09.10.

Poulet basquaise ^

   3.99
   €
   760 g | 1 kg = 5.25 €
     * A partir du 09.10.

Parmentier de canard ^

   4.99
   €
   750 g | 1 kg = 6.65 €
     * A partir du 09.10.
     * ribbon-image

Brandade de morue de Nîmes ^

   1.99
   €
   190 g | 1 kg = 10.47 €
     * A partir du 09.10.

Cake Océane ^

   2.99
   €
   260 g | 1 kg = 11.50 €
     * A partir du 09.10.
     * ribbon-image

Coq au vin de Bergerac ^

   3.99
   €
   760 g | 1 kg = 5.25 €
     * A partir du 09.10.

Pastis Landais ^

   2.99
   €
   450 g | 1 kg = 6.64 €
     * A partir du 09.10.

Croustade des Pyrénées aux pruneaux ^

   2.99
   €
   350 g | 1 kg = 8.54 €
     * A partir du 09.10.

6 canelés de Bordeaux ^

   1.99
   €
   360 g | 1 kg = 5.53 €
     * A partir du 09.10.
     * ribbon-image

Crème glacée ^

   2.49
   €
   280 g | 1 kg = 8.89 €
     * ribbon-image

Miel de Languedoc-Roussillon ^

   3.99
   €
   375 g | 1 kg = 10.64 €
     * A partir du 09.10.

Samoussas poulet curry-coco ^

   2.29
   €
   230 g | 1 kg = 9.96 €
     * A partir du 09.10.
     * ribbon-image

Kouign Amann ^

   4.45
   €
   400 g | 1 kg = 11.13 €
     * A partir du 09.10.

     * Satisfait ou remboursé
     * Pain chaque jour
     * Nos engagements

   Choisir votre langage
     * fr: fr

   Ne manquez plus nos offres !
   Entrez votre adresse mail ____________________ (BUTTON) Inscrivez-vous
   pour recevoir les newsletter et les offres
     * Plan du site
          + Nos offres
          + Marché
          + Recettes
          + Le Blog
          + Bébé
          + Lidl 30 ans
          + Jeux
          + Astérix
          + Voyages
          + Boutique Vins
          + Les producteurs
     * Application Mobile
          +
          +
     * Légal
          + Protection des données
          + Informations sur les cookies
          + Mentions légales
     * Contactez-nous
       Tél : 0800 900 343
       Nous contacter
       Du lundi au samedi de 8h30 à 19h30
       Service et appel gratuits
     * Supermarchés près de chez vous
       Utiliser ma location Trouver votre supermarché
       Supermarchés près de chez vous ____________________ (BUTTON)

     * Navigation de la compagnie
          + Nos engagements
          + Emplois
          + Immobilier
          + Facture en ligne
          + Découvrir Lidl
          + Informations Clients
          + Aide et Service
     *
          +
          +
          +

   (BUTTON) Revenir en haut de la page
   IFRAME: https://www.googletagmanager.com/ns.html?id=GTM-NXC92P

Pas de Javascript

   S’il vous plait active Javascript

   jumpmark.screenreadertext
     * jumpmark.item.textblock.menu
     * jumpmark.item.textblock.services
     * jumpmark.item.textblock.content
     * jumpmark.item.textblock.language
     * jumpmark.item.textblock.language

     * Nous utilisons des cookies pour améliorer votre expérience sur
       notre site. En poursuivant votre navigation sur ce site, vous
       consentez à notre utilisation des cookies conformément à notre
       politique en matière de cookies.

   Plus d’information
   (BUTTON) OK

   Lidl.fr
   Navigation de la compagnie
     * Nos engagements
     * Emplois
     * Immobilier
     * Facture en ligne
     * Découvrir Lidl
     * Informations Clients
     * Aide et Service

   Chosir votre langue
     * fr: fr

   Lidl France
   Menu
   Le vrai prix des bonnes choses
   Navigation de l'utilisateur
     * Supermarché et horaires
     * Catalogues en ligne
     * Newsletter
     * Contact
     * Réseaux sociaux

   Réseaux sociaux
     * Youtube
     * Facebook
     * Instagram

   Prospectus en ligne

   Sélectionnez votre supermarché pour voir toutes les offres disponibles
   dans votre région

   Voir les offres dans votre région ____________________ (BUTTON)
   Utiliser la position actuelle

   Afficher plus de prospectus
   Trouvez votre supermarché
   Indiquez une ville et découvrez les supermarchés autour de vous
   Navigation principale
     * Retour

   (BUTTON)
   Nos offres
     * Nos offres Vue d’ensemble
     * Semaine actuelle
          + Semaine actuelle Vue d’ensemble
          + Lundi 07/10 Bricolage
          + Lundi 07/10 Mode : Femme
          + Mercredi 09/10 Si bon, si bio
          + Mercredi 09/10 Foire à la bière
          + Mercredi 09/10 Les Saveurs Régionales
          + Jeudi 10/10 Salle de bain
          + Jeudi 10/10 Mode : Homme
     * Semaine prochaine
          + Semaine prochaine Vue d’ensemble
          + Lundi 14/10 Cuisine
          + Lundi 14/10 Mode
          + Mercredi 16/10 Italiamo
          + Mercredi 16/10 Halloween

   Marché
     * Marché Vue d’ensemble
     * Semaine actuelle
          + Semaine actuelle Vue d’ensemble
          + Fruits et Légumes
          + Viandes et Poissons
          + Plantes & Fleurs
          + Offres spéciales
          + Super Samedi
     * Semaine prochaine
          + Semaine prochaine Vue d’ensemble
          + Fruits et Légumes
          + Viandes et Poissons
          + Plantes & Fleurs
          + Offres spéciales
          + Super Samedi

   Recettes
   Le Blog
   Bébé
   Lidl 30 ans
   Jeux
   Astérix
   Voyages
   Boutique Vins
   Les producteurs
   (BUTTON)
   Chosir votre langue
     * fr: fr

   Navigation de la compagnie
     * Nos engagements
     * Emplois
     * Immobilier
     * Facture en ligne
     * Découvrir Lidl
     * Informations Clients
     * Aide et Service

     *
     *
     *

    1. Les Saveurs Régionales
    2. 3 terrines

   (BUTTON)
   Pincer pour zoomer (n.t.)
   Zoomer (n.t.)
   Cliquer pour zoom (n.t.)
   (BUTTON)
   (BUTTON)
   (BUTTON)

3 terrines ^

   2.49
   €
   3 x 180 g g | 1 kg = 4.61 €
   Disponibilité
   A partir du 09.10.
     * Assortiment d’une terrine de porc au Muscadet**, d’une terrine de
       porc au jambon vendéen et d’une terrine de porc au sel de Guérande

Autres produits attrayants

   (BUTTON)

Brandade de morue de Nîmes ^

   1.99
   €
   190 g | 1 kg = 10.47 €
     * A partir du 09.10.

Poulet basquaise ^

   3.99
   €
   760 g | 1 kg = 5.25 €
     * A partir du 09.10.

Coq au vin de Bergerac ^

   3.99
   €
   760 g | 1 kg = 5.25 €
     * A partir du 09.10.

Garbure au jambon de pays aux 6 légumes ^

   3.29
   €
   760 g | 1 kg = 4.33 €
     * A partir du 09.10.

Gardianne de taureau au vin des Costières ^

   4.59
   €
   585 g | 1 kg = 7.85 €
     * A partir du 09.10.

Nectar de pêche de vigne zéro gaspi ^

   1.99
   €
   75 cl | 1 L = 2.65 €
     * A partir du 09.10.

Boules coco ^

   1.99
   €
   200 g | 1 kg = 9.95 €
     * A partir du 09.10.

Confiture au lait de Normandie ^

   1.99
   €
   320 g | 1 kg = 6.22 €
     * A partir du 09.10.

Pastis Landais ^

   2.99
   €
   450 g | 1 kg = 6.64 €
     * A partir du 09.10.

Pur jus de pomme de Bretagne ^

   1.69
   €
   La bouteille de 1 L
     * A partir du 09.10.

Berlingots Nantais ^

   1.79
   €
   150 g | 1 kg = 11.93 €
     * A partir du 09.10.

Galettes bretonnes de Pont-Aven ^

   2.19
   €
   130 g | 1 kg = 16.85 €
     * A partir du 09.10.

Gâteau Breton saveur framboise ^

   2.55
   €
   400 g | 1 kg = 6.38 €
     * A partir du 09.10.

Croustade des Pyrénées aux pruneaux ^

   2.99
   €
   350 g | 1 kg = 8.54 €
     * A partir du 09.10.

Mogettes de Vendée IGP ^

   1.99
   €
   530 g (PNE) | 1 kg = 3.75 €
     * A partir du 09.10.
     * ribbon-image

   (BUTTON)

     * Satisfait ou remboursé
     * Pain chaque jour
     * Nos engagements

   Choisir votre langage
     * fr: fr

   Ne manquez plus nos offres !
   Entrez votre adresse mail ____________________ (BUTTON) Inscrivez-vous
   pour recevoir les newsletter et les offres
     * Plan du site
          + Nos offres
          + Marché
          + Recettes
          + Le Blog
          + Bébé
          + Lidl 30 ans
          + Jeux
          + Astérix
          + Voyages
          + Boutique Vins
          + Les producteurs
     * Application Mobile
          +
          +
     * Légal
          + Protection des données
          + Informations sur les cookies
          + Mentions légales
     * Contactez-nous
       Tél : 0800 900 343
       Nous contacter
       Du lundi au samedi de 8h30 à 19h30
       Service et appel gratuits
     * Supermarchés près de chez vous
       Utiliser ma location Trouver votre supermarché
       Supermarchés près de chez vous ____________________ (BUTTON)

     * Navigation de la compagnie
          + Nos engagements
          + Emplois
          + Immobilier
          + Facture en ligne
          + Découvrir Lidl
          + Informations Clients
          + Aide et Service
     *
          +
          +
          +

   (BUTTON) Revenir en haut de la page
   IFRAME: https://www.googletagmanager.com/ns.html?id=GTM-NXC92P

Pas de Javascript

   S’il vous plait active Javascript

   jumpmark.screenreadertext
     * jumpmark.item.textblock.menu
     * jumpmark.item.textblock.services
     * jumpmark.item.textblock.content
     * jumpmark.item.textblock.language
     * jumpmark.item.textblock.language

     * Nous utilisons des cookies pour améliorer votre expérience sur
       notre site. En poursuivant votre navigation sur ce site, vous
       consentez à notre utilisation des cookies conformément à notre
       politique en matière de cookies.

   Plus d’information
   (BUTTON) OK

   Lidl.fr
   Navigation de la compagnie
     * Nos engagements
     * Emplois
     * Immobilier
     * Facture en ligne
     * Découvrir Lidl
     * Informations Clients
     * Aide et Service

   Chosir votre langue
     * fr: fr

   Lidl France
   Menu
   Le vrai prix des bonnes choses
   Navigation de l'utilisateur
     * Supermarché et horaires
     * Catalogues en ligne
     * Newsletter
     * Contact
     * Réseaux sociaux

   Réseaux sociaux
     * Youtube
     * Facebook
     * Instagram

   Prospectus en ligne

   Sélectionnez votre supermarché pour voir toutes les offres disponibles
   dans votre région

   Voir les offres dans votre région ____________________ (BUTTON)
   Utiliser la position actuelle

   Afficher plus de prospectus
   Trouvez votre supermarché
   Indiquez une ville et découvrez les supermarchés autour de vous
   Navigation principale
     * Retour

   (BUTTON)
   Nos offres
     * Nos offres Vue d’ensemble
     * Semaine actuelle
          + Semaine actuelle Vue d’ensemble
          + Lundi 07/10 Bricolage
          + Lundi 07/10 Mode : Femme
          + Mercredi 09/10 Si bon, si bio
          + Mercredi 09/10 Foire à la bière
          + Mercredi 09/10 Les Saveurs Régionales
          + Jeudi 10/10 Salle de bain
          + Jeudi 10/10 Mode : Homme
     * Semaine prochaine
          + Semaine prochaine Vue d’ensemble
          + Lundi 14/10 Cuisine
          + Lundi 14/10 Mode
          + Mercredi 16/10 Italiamo
          + Mercredi 16/10 Halloween

   Marché
     * Marché Vue d’ensemble
     * Semaine actuelle
          + Semaine actuelle Vue d’ensemble
          + Fruits et Légumes
          + Viandes et Poissons
          + Plantes & Fleurs
          + Offres spéciales
          + Super Samedi
     * Semaine prochaine
          + Semaine prochaine Vue d’ensemble
          + Fruits et Légumes
          + Viandes et Poissons
          + Plantes & Fleurs
          + Offres spéciales
          + Super Samedi

   Recettes
   Le Blog
   Bébé
   Lidl 30 ans
   Jeux
   Astérix
   Voyages
   Boutique Vins
   Les producteurs
   (BUTTON)
   Chosir votre langue
     * fr: fr

   Navigation de la compagnie
     * Nos engagements
     * Emplois
     * Immobilier
     * Facture en ligne
     * Découvrir Lidl
     * Informations Clients
     * Aide et Service

     *
     *
     *

    1. Les Saveurs Régionales
    2. Fleur de sel de l’île de Ré

   (BUTTON)
   Pincer pour zoomer (n.t.)
   Zoomer (n.t.)
   Cliquer pour zoom (n.t.)
   (BUTTON)
   (BUTTON)
   (BUTTON)

Fleur de sel de l’île de Ré ^

   2.29
   €
   125 g | 1 kg = 18.32 €
   Disponibilité
   A partir du 09.10.

Autres produits attrayants

   (BUTTON)

Gâteau moelleux du Limousin ^

   2.49
   €
   320 g | 1 kg = 7.78 €
     * A partir du 09.10.

Tartiflette au Reblochon de Savoie ^

   4.99
   €
   600 g | 1 kg = 8.32 €
     * A partir du 09.10.
     * ribbon-image

Barre de nougat de Montélimar ^

   2.49
   €
   200 g | 1 kg = 12.45 €
     * A partir du 09.10.

3 terrines ^

   2.49
   €
   3 x 180 g g | 1 kg = 4.61 €
     * A partir du 09.10.

Jambon d’auvergne IGP ^

   1.99
   €
   100 g | 1 kg = 19.90 €
     * A partir du 09.10.
     * ribbon-image

Tripes à la mode de Caen ^

   3.29
   €
   600 g | 1 kg = 5.48 €
     * A partir du 09.10.

Mogettes de Vendée IGP ^

   1.99
   €
   530 g (PNE) | 1 kg = 3.75 €
     * A partir du 09.10.
     * ribbon-image

Gâteau Breton saveur framboise ^

   2.55
   €
   400 g | 1 kg = 6.38 €
     * A partir du 09.10.

Saucisson sec au bleu d’Auvergne ^

   2.89
   €
   250 g | 1 kg = 11.56 €
     * A partir du 09.10.

Galettes bretonnes de Pont-Aven ^

   2.19
   €
   130 g | 1 kg = 16.85 €
     * A partir du 09.10.

Berlingots Nantais ^

   1.79
   €
   150 g | 1 kg = 11.93 €
     * A partir du 09.10.

Sablés apéritif ^

   1.79
   €
   120 g | 1 kg = 14.92 €
     * A partir du 09.10.

Pur jus de pomme de Bretagne ^

   1.69
   €
   La bouteille de 1 L
     * A partir du 09.10.

Confiture au lait de Normandie ^

   1.99
   €
   320 g | 1 kg = 6.22 €
     * A partir du 09.10.

Boules coco ^

   1.99
   €
   200 g | 1 kg = 9.95 €
     * A partir du 09.10.

   (BUTTON)

     * Satisfait ou remboursé
     * Pain chaque jour
     * Nos engagements

   Choisir votre langage
     * fr: fr

   Ne manquez plus nos offres !
   Entrez votre adresse mail ____________________ (BUTTON) Inscrivez-vous
   pour recevoir les newsletter et les offres
     * Plan du site
          + Nos offres
          + Marché
          + Recettes
          + Le Blog
          + Bébé
          + Lidl 30 ans
          + Jeux
          + Astérix
          + Voyages
          + Boutique Vins
          + Les producteurs
     * Application Mobile
          +
          +
     * Légal
          + Protection des données
          + Informations sur les cookies
          + Mentions légales
     * Contactez-nous
       Tél : 0800 900 343
       Nous contacter
       Du lundi au samedi de 8h30 à 19h30
       Service et appel gratuits
     * Supermarchés près de chez vous
       Utiliser ma location Trouver votre supermarché
       Supermarchés près de chez vous ____________________ (BUTTON)

     * Navigation de la compagnie
          + Nos engagements
          + Emplois
          + Immobilier
          + Facture en ligne
          + Découvrir Lidl
          + Informations Clients
          + Aide et Service
     *
          +
          +
          +

   (BUTTON) Revenir en haut de la page
   IFRAME: https://www.googletagmanager.com/ns.html?id=GTM-NXC92P

Pas de Javascript

   S’il vous plait active Javascript

   jumpmark.screenreadertext
     * jumpmark.item.textblock.menu
     * jumpmark.item.textblock.services
     * jumpmark.item.textblock.content
     * jumpmark.item.textblock.language
     * jumpmark.item.textblock.language

     * Nous utilisons des cookies pour améliorer votre expérience sur
       notre site. En poursuivant votre navigation sur ce site, vous
       consentez à notre utilisation des cookies conformément à notre
       politique en matière de cookies.

   Plus d’information
   (BUTTON) OK

   Lidl.fr
   Navigation de la compagnie
     * Nos engagements
     * Emplois
     * Immobilier
     * Facture en ligne
     * Découvrir Lidl
     * Informations Clients
     * Aide et Service

   Chosir votre langue
     * fr: fr

   Lidl France
   Menu
   Le vrai prix des bonnes choses
   Navigation de l'utilisateur
     * Supermarché et horaires
     * Catalogues en ligne
     * Newsletter
     * Contact
     * Réseaux sociaux

   Réseaux sociaux
     * Youtube
     * Facebook
     * Instagram

   Prospectus en ligne

   Sélectionnez votre supermarché pour voir toutes les offres disponibles
   dans votre région

   Voir les offres dans votre région ____________________ (BUTTON)
   Utiliser la position actuelle

   Afficher plus de prospectus
   Trouvez votre supermarché
   Indiquez une ville et découvrez les supermarchés autour de vous
   Navigation principale
     * Retour

   (BUTTON)
   Nos offres
     * Nos offres Vue d’ensemble
     * Semaine actuelle
          + Semaine actuelle Vue d’ensemble
          + Lundi 07/10 Bricolage
          + Lundi 07/10 Mode : Femme
          + Mercredi 09/10 Si bon, si bio
          + Mercredi 09/10 Foire à la bière
          + Mercredi 09/10 Les Saveurs Régionales
          + Jeudi 10/10 Salle de bain
          + Jeudi 10/10 Mode : Homme
     * Semaine prochaine
          + Semaine prochaine Vue d’ensemble
          + Lundi 14/10 Cuisine
          + Lundi 14/10 Mode
          + Mercredi 16/10 Italiamo
          + Mercredi 16/10 Halloween

   Marché
     * Marché Vue d’ensemble
     * Semaine actuelle
          + Semaine actuelle Vue d’ensemble
          + Fruits et Légumes
          + Viandes et Poissons
          + Plantes & Fleurs
          + Offres spéciales
          + Super Samedi
     * Semaine prochaine
          + Semaine prochaine Vue d’ensemble
          + Fruits et Légumes
          + Viandes et Poissons
          + Plantes & Fleurs
          + Offres spéciales
          + Super Samedi

   Recettes
   Le Blog
   Bébé
   Lidl 30 ans
   Jeux
   Astérix
   Voyages
   Boutique Vins
   Les producteurs
   (BUTTON)
   Chosir votre langue
     * fr: fr

   Navigation de la compagnie
     * Nos engagements
     * Emplois
     * Immobilier
     * Facture en ligne
     * Découvrir Lidl
     * Informations Clients
     * Aide et Service

     *
     *
     *

    1. Les Saveurs Régionales
    2. Barre de nougat de Montélimar

   (BUTTON)
   Pincer pour zoomer (n.t.)
   Zoomer (n.t.)
   Cliquer pour zoom (n.t.)
   (BUTTON)
   (BUTTON)
   (BUTTON)

Barre de nougat de Montélimar ^

   2.49
   €
   200 g | 1 kg = 12.45 €
   Disponibilité
   A partir du 09.10.
     * Fabriqué en France

Autres produits attrayants

   (BUTTON)

Boules coco ^

   1.99
   €
   200 g | 1 kg = 9.95 €
     * A partir du 09.10.

Nectar de pêche de vigne zéro gaspi ^

   1.99
   €
   75 cl | 1 L = 2.65 €
     * A partir du 09.10.

Confiture au lait de Normandie ^

   1.99
   €
   320 g | 1 kg = 6.22 €
     * A partir du 09.10.

Pur jus de pomme de Bretagne ^

   1.69
   €
   La bouteille de 1 L
     * A partir du 09.10.

Gardianne de taureau au vin des Costières ^

   4.59
   €
   585 g | 1 kg = 7.85 €
     * A partir du 09.10.

Berlingots Nantais ^

   1.79
   €
   150 g | 1 kg = 11.93 €
     * A partir du 09.10.

Galettes bretonnes de Pont-Aven ^

   2.19
   €
   130 g | 1 kg = 16.85 €
     * A partir du 09.10.

Garbure au jambon de pays aux 6 légumes ^

   3.29
   €
   760 g | 1 kg = 4.33 €
     * A partir du 09.10.

Gâteau Breton saveur framboise ^

   2.55
   €
   400 g | 1 kg = 6.38 €
     * A partir du 09.10.

Poulet basquaise ^

   3.99
   €
   760 g | 1 kg = 5.25 €
     * A partir du 09.10.

Mogettes de Vendée IGP ^

   1.99
   €
   530 g (PNE) | 1 kg = 3.75 €
     * A partir du 09.10.
     * ribbon-image

Tripes à la mode de Caen ^

   3.29
   €
   600 g | 1 kg = 5.48 €
     * A partir du 09.10.

Brandade de morue de Nîmes ^

   1.99
   €
   190 g | 1 kg = 10.47 €
     * A partir du 09.10.

3 terrines ^

   2.49
   €
   3 x 180 g g | 1 kg = 4.61 €
     * A partir du 09.10.

Fleur de sel de l’île de Ré ^

   2.29
   €
   125 g | 1 kg = 18.32 €
     * A partir du 09.10.

   (BUTTON)

     * Satisfait ou remboursé
     * Pain chaque jour
     * Nos engagements

   Choisir votre langage
     * fr: fr

   Ne manquez plus nos offres !
   Entrez votre adresse mail ____________________ (BUTTON) Inscrivez-vous
   pour recevoir les newsletter et les offres
     * Plan du site
          + Nos offres
          + Marché
          + Recettes
          + Le Blog
          + Bébé
          + Lidl 30 ans
          + Jeux
          + Astérix
          + Voyages
          + Boutique Vins
          + Les producteurs
     * Application Mobile
          +
          +
     * Légal
          + Protection des données
          + Informations sur les cookies
          + Mentions légales
     * Contactez-nous
       Tél : 0800 900 343
       Nous contacter
       Du lundi au samedi de 8h30 à 19h30
       Service et appel gratuits
     * Supermarchés près de chez vous
       Utiliser ma location Trouver votre supermarché
       Supermarchés près de chez vous ____________________ (BUTTON)

     * Navigation de la compagnie
          + Nos engagements
          + Emplois
          + Immobilier
          + Facture en ligne
          + Découvrir Lidl
          + Informations Clients
          + Aide et Service
     *
          +
          +
          +

   (BUTTON) Revenir en haut de la page
   IFRAME: https://www.googletagmanager.com/ns.html?id=GTM-NXC92P

Pas de Javascript

   S’il vous plait active Javascript

   jumpmark.screenreadertext
     * jumpmark.item.textblock.menu
     * jumpmark.item.textblock.services
     * jumpmark.item.textblock.content
     * jumpmark.item.textblock.language
     * jumpmark.item.textblock.language

     * Nous utilisons des cookies pour améliorer votre expérience sur
       notre site. En poursuivant votre navigation sur ce site, vous
       consentez à notre utilisation des cookies conformément à notre
       politique en matière de cookies.

   Plus d’information
   (BUTTON) OK

   Lidl.fr
   Navigation de la compagnie
     * Nos engagements
     * Emplois
     * Immobilier
     * Facture en ligne
     * Découvrir Lidl
     * Informations Clients
     * Aide et Service

   Chosir votre langue
     * fr: fr

   Lidl France
   Menu
   Le vrai prix des bonnes choses
   Navigation de l'utilisateur
     * Supermarché et horaires
     * Catalogues en ligne
     * Newsletter
     * Contact
     * Réseaux sociaux

   Réseaux sociaux
     * Youtube
     * Facebook
     * Instagram

   Prospectus en ligne

   Sélectionnez votre supermarché pour voir toutes les offres disponibles
   dans votre région

   Voir les offres dans votre région ____________________ (BUTTON)
   Utiliser la position actuelle

   Afficher plus de prospectus
   Trouvez votre supermarché
   Indiquez une ville et découvrez les supermarchés autour de vous
   Navigation principale
     * Retour

   (BUTTON)
   Nos offres
     * Nos offres Vue d’ensemble
     * Semaine actuelle
          + Semaine actuelle Vue d’ensemble
          + Lundi 07/10 Bricolage
          + Lundi 07/10 Mode : Femme
          + Mercredi 09/10 Si bon, si bio
          + Mercredi 09/10 Foire à la bière
          + Mercredi 09/10 Les Saveurs Régionales
          + Jeudi 10/10 Salle de bain
          + Jeudi 10/10 Mode : Homme
     * Semaine prochaine
          + Semaine prochaine Vue d’ensemble
          + Lundi 14/10 Cuisine
          + Lundi 14/10 Mode
          + Mercredi 16/10 Italiamo
          + Mercredi 16/10 Halloween

   Marché
     * Marché Vue d’ensemble
     * Semaine actuelle
          + Semaine actuelle Vue d’ensemble
          + Fruits et Légumes
          + Viandes et Poissons
          + Plantes & Fleurs
          + Offres spéciales
          + Super Samedi
     * Semaine prochaine
          + Semaine prochaine Vue d’ensemble
          + Fruits et Légumes
          + Viandes et Poissons
          + Plantes & Fleurs
          + Offres spéciales
          + Super Samedi

   Recettes
   Le Blog
   Bébé
   Lidl 30 ans
   Jeux
   Astérix
   Voyages
   Boutique Vins
   Les producteurs
   (BUTTON)
   Chosir votre langue
     * fr: fr

   Navigation de la compagnie
     * Nos engagements
     * Emplois
     * Immobilier
     * Facture en ligne
     * Découvrir Lidl
     * Informations Clients
     * Aide et Service

     *
     *
     *

    1. Les Saveurs Régionales
    2. Gâteau moelleux du Limousin

   (BUTTON)
   Pincer pour zoomer (n.t.)
   Zoomer (n.t.)
   Cliquer pour zoom (n.t.)
   (BUTTON)
   (BUTTON)
   (BUTTON)

Gâteau moelleux du Limousin ^

   2.49
   €
   320 g | 1 kg = 7.78 €
   Disponibilité
   A partir du 09.10.

Autres produits attrayants

   (BUTTON)

3 terrines ^

   2.49
   €
   3 x 180 g g | 1 kg = 4.61 €
     * A partir du 09.10.

Tripes à la mode de Caen ^

   3.29
   €
   600 g | 1 kg = 5.48 €
     * A partir du 09.10.

Mogettes de Vendée IGP ^

   1.99
   €
   530 g (PNE) | 1 kg = 3.75 €
     * A partir du 09.10.
     * ribbon-image

Fleur de sel de l’île de Ré ^

   2.29
   €
   125 g | 1 kg = 18.32 €
     * A partir du 09.10.

Gâteau Breton saveur framboise ^

   2.55
   €
   400 g | 1 kg = 6.38 €
     * A partir du 09.10.

Barre de nougat de Montélimar ^

   2.49
   €
   200 g | 1 kg = 12.45 €
     * A partir du 09.10.

Galettes bretonnes de Pont-Aven ^

   2.19
   €
   130 g | 1 kg = 16.85 €
     * A partir du 09.10.

Berlingots Nantais ^

   1.79
   €
   150 g | 1 kg = 11.93 €
     * A partir du 09.10.

Tartiflette au Reblochon de Savoie ^

   4.99
   €
   600 g | 1 kg = 8.32 €
     * A partir du 09.10.
     * ribbon-image

Pur jus de pomme de Bretagne ^

   1.69
   €
   La bouteille de 1 L
     * A partir du 09.10.

Confiture au lait de Normandie ^

   1.99
   €
   320 g | 1 kg = 6.22 €
     * A partir du 09.10.

Jambon d’auvergne IGP ^

   1.99
   €
   100 g | 1 kg = 19.90 €
     * A partir du 09.10.
     * ribbon-image

Boules coco ^

   1.99
   €
   200 g | 1 kg = 9.95 €
     * A partir du 09.10.

Saucisson sec au bleu d’Auvergne ^

   2.89
   €
   250 g | 1 kg = 11.56 €
     * A partir du 09.10.

Nectar de pêche de vigne zéro gaspi ^

   1.99
   €
   75 cl | 1 L = 2.65 €
     * A partir du 09.10.

   (BUTTON)

     * Satisfait ou remboursé
     * Pain chaque jour
     * Nos engagements

   Choisir votre langage
     * fr: fr

   Ne manquez plus nos offres !
   Entrez votre adresse mail ____________________ (BUTTON) Inscrivez-vous
   pour recevoir les newsletter et les offres
     * Plan du site
          + Nos offres
          + Marché
          + Recettes
          + Le Blog
          + Bébé
          + Lidl 30 ans
          + Jeux
          + Astérix
          + Voyages
          + Boutique Vins
          + Les producteurs
     * Application Mobile
          +
          +
     * Légal
          + Protection des données
          + Informations sur les cookies
          + Mentions légales
     * Contactez-nous
       Tél : 0800 900 343
       Nous contacter
       Du lundi au samedi de 8h30 à 19h30
       Service et appel gratuits
     * Supermarchés près de chez vous
       Utiliser ma location Trouver votre supermarché
       Supermarchés près de chez vous ____________________ (BUTTON)

     * Navigation de la compagnie
          + Nos engagements
          + Emplois
          + Immobilier
          + Facture en ligne
          + Découvrir Lidl
          + Informations Clients
          + Aide et Service
     *
          +
          +
          +

   (BUTTON) Revenir en haut de la page
   IFRAME: https://www.googletagmanager.com/ns.html?id=GTM-NXC92P

Pas de Javascript

   S’il vous plait active Javascript

   jumpmark.screenreadertext
     * jumpmark.item.textblock.menu
     * jumpmark.item.textblock.services
     * jumpmark.item.textblock.content
     * jumpmark.item.textblock.language
     * jumpmark.item.textblock.language

     * Nous utilisons des cookies pour améliorer votre expérience sur
       notre site. En poursuivant votre navigation sur ce site, vous
       consentez à notre utilisation des cookies conformément à notre
       politique en matière de cookies.

   Plus d’information
   (BUTTON) OK

   Lidl.fr
   Navigation de la compagnie
     * Nos engagements
     * Emplois
     * Immobilier
     * Facture en ligne
     * Découvrir Lidl
     * Informations Clients
     * Aide et Service

   Chosir votre langue
     * fr: fr

   Lidl France
   Menu
   Le vrai prix des bonnes choses
   Navigation de l'utilisateur
     * Supermarché et horaires
     * Catalogues en ligne
     * Newsletter
     * Contact
     * Réseaux sociaux

   Réseaux sociaux
     * Youtube
     * Facebook
     * Instagram

   Prospectus en ligne

   Sélectionnez votre supermarché pour voir toutes les offres disponibles
   dans votre région

   Voir les offres dans votre région ____________________ (BUTTON)
   Utiliser la position actuelle

   Afficher plus de prospectus
   Trouvez votre supermarché
   Indiquez une ville et découvrez les supermarchés autour de vous
   Navigation principale
     * Retour

   (BUTTON)
   Nos offres
     * Nos offres Vue d’ensemble
     * Semaine actuelle
          + Semaine actuelle Vue d’ensemble
          + Lundi 07/10 Bricolage
          + Lundi 07/10 Mode : Femme
          + Mercredi 09/10 Si bon, si bio
          + Mercredi 09/10 Foire à la bière
          + Mercredi 09/10 Les Saveurs Régionales
          + Jeudi 10/10 Salle de bain
          + Jeudi 10/10 Mode : Homme
     * Semaine prochaine
          + Semaine prochaine Vue d’ensemble
          + Lundi 14/10 Cuisine
          + Lundi 14/10 Mode
          + Mercredi 16/10 Italiamo
          + Mercredi 16/10 Halloween

   Marché
     * Marché Vue d’ensemble
     * Semaine actuelle
          + Semaine actuelle Vue d’ensemble
          + Fruits et Légumes
          + Viandes et Poissons
          + Plantes & Fleurs
          + Offres spéciales
          + Super Samedi
     * Semaine prochaine
          + Semaine prochaine Vue d’ensemble
          + Fruits et Légumes
          + Viandes et Poissons
          + Plantes & Fleurs
          + Offres spéciales
          + Super Samedi

   Recettes
   Le Blog
   Bébé
   Lidl 30 ans
   Jeux
   Astérix
   Voyages
   Boutique Vins
   Les producteurs
   (BUTTON)
   Chosir votre langue
     * fr: fr

   Navigation de la compagnie
     * Nos engagements
     * Emplois
     * Immobilier
     * Facture en ligne
     * Découvrir Lidl
     * Informations Clients
     * Aide et Service

     *
     *
     *

   (BUTTON)
   Semaine actuelle
   Semaine prochaine
   (BUTTON)
     * Semaine actuelle
       (BUTTON)
       Lundi 07/10 Bricolage
       Lundi 07/10 Mode : Femme
       Mercredi 09/10 Si bon, si bio
       Mercredi 09/10 Foire à la bière
       Mercredi 09/10 Les Saveurs Régionales
       Jeudi 10/10 Salle de bain
       Jeudi 10/10 Mode : Homme
       (BUTTON)
     * Semaine prochaine
       (BUTTON)
       Lundi 14/10 Cuisine
       Lundi 14/10 Mode
       Mercredi 16/10 Italiamo
       Mercredi 16/10 Halloween
       (BUTTON)

   En vente le 09/10

Rillettes de porc Label Rouge ^

   1.99
   €
   200 g | 1 kg = 9.95 €
     * A partir du 09.10.
     * ribbon-image

2 feuilletés de la mer ^

   2.39
   €
   340 g | 1 kg = 7.03 €
     * A partir du 09.10.
     * ribbon-image

Petit salé Lillois ^

   1.99
   €
   200 g | 1 kg = 9.95 €
     * A partir du 09.10.
     * ribbon-image

Bêtises de Cambrai ^

   1.29
   €
   200 g | 1 kg = 6.45 €
     * A partir du 09.10.

Gaufrettes amusantes ^

   1.79
   €
   175 g | 1 kg = 10.23 €
     * A partir du 09.10.

Salade de cervelas ^

   2.29
   €
   500 g | 1 kg = 4.58 €
     * A partir du 09.10.
     * ribbon-image

Pavé Burger Bacon Munster ^

   2.49
   €
   195 g | 1 kg = 12.77 €
     * A partir du 09.10.
     * ribbon-image

12 accras de morue sauce aigre douce ^

   1.59
   €
   210 g | 1 kg = 7.57 €
     * A partir du 09.10.
     * ribbon-image

Époisses AOP ^

   3.99
   €
   250 g | 1 kg = 15.96 €
     * A partir du 09.10.
     * ribbon-image

Langres AOP ^

   2.75
   €
   180 g | 1 kg = 15.28 €
     * A partir du 09.10.
     * ribbon-image

Boudins noirs rhum** raisins ^

   1.99
   €
   330 g | 1 kg = 6.03 €
     * A partir du 09.10.
     * ribbon-image

Délices de Framboises et Biscuits Rose de Reims ^

   1.99
   €
   260 g | 1 kg = 7.65 €
     * A partir du 09.10.
     * ribbon-image

Fromage blanc battu ^

   2.29
   €
   800 g | 1 kg = 2.86 €
     * A partir du 09.10.
     * ribbon-image

Sorbet plein fruit au cassis de France ^

   2.49
   €
   325 g | 1 kg = 7.66 €
     * A partir du 09.10.
     * ribbon-image

Soda artisanal ^

   1.49
   €
   75 cl | 1 L = 1.99 €
     * A partir du 09.10.

Bourgogne aligoté AOP ^

   -14% 4.99 € cake.pricebox.originalPrice
   4.25
   €
   75 cl | 1 L = 5.67 €
     * 09.10. - 15.10.

Pissaladière ^

   2.69
   €
   270 g | 1 kg = 9.96 €
     * A partir du 09.10.
     * ribbon-image

Bouillabaisse ^

   4.99
   €
   900 g | 1 kg = 5.54 €
     * A partir du 09.10.
     * ribbon-image

Tripes à la provençale ^

   2.79
   €
   500 g | 1 kg = 5.58 €
     * A partir du 09.10.
     * ribbon-image

Bouillabaisse aux épices ^

   5.99
   €
   1.5 kg | 1 kg = 3.99 €
     * A partir du 09.10.
     * ribbon-image

2 yaourts brassés figue-miel ^

   1.99
   €
   2 x 160 g | 1 kg = 6.22 €
     * A partir du 09.10.
     * ribbon-image

Huile d’olive de Provence AOC vierge extra ^

   4.29
   €
   250 ml | 1 L = 17.16 €
     * A partir du 09.10.

Bouchons du Quercy ^

   1.89
   €
   90 g | 1 kg = 21.00 €
     * A partir du 09.10.
     * ribbon-image

9 mini tielles sétoises ^

   2.49
   €
   180 g | 1 kg = 13.83 €
     * A partir du 09.10.
     * ribbon-image

Muscat de Mireval AOP ^

   5.29
   €
   75 cl | 1 L = 7.05 €
     * A partir du 09.10.

Savon de Provence ^

   0.99
   €
   100 g | 1 kg = 9.90 €
     * A partir du 09.10.

Mini samoussas au boeuf ^

   2.39
   €
   200 g | 1 kg = 11.95 €
     * A partir du 09.10.

Boudin noir antillais ^

   1.69
   €
   360 g | 1 kg = 4.69 €
     * A partir du 09.10.
     * ribbon-image

Pogne de Romans ^

   3.49
   €
   400 g | 1 kg = 8.73 €
     * A partir du 09.10.

Thé ou infusion aromatisé ^

   3.69
   €
   60/80/110 g | 1 kg = 61.50 €
     * A partir du 09.10.

Sablés apéritif ^

   1.79
   €
   120 g | 1 kg = 14.92 €
     * A partir du 09.10.

Saucisson sec au bleu d’Auvergne ^

   2.89
   €
   250 g | 1 kg = 11.56 €
     * A partir du 09.10.

Jambon d’auvergne IGP ^

   1.99
   €
   100 g | 1 kg = 19.90 €
     * A partir du 09.10.
     * ribbon-image

Tartiflette au Reblochon de Savoie ^

   4.99
   €
   600 g | 1 kg = 8.32 €
     * A partir du 09.10.
     * ribbon-image

Gâteau moelleux du Limousin ^

   2.49
   €
   320 g | 1 kg = 7.78 €
     * A partir du 09.10.

Barre de nougat de Montélimar ^

   2.49
   €
   200 g | 1 kg = 12.45 €
     * A partir du 09.10.

Fleur de sel de l’île de Ré ^

   2.29
   €
   125 g | 1 kg = 18.32 €
     * A partir du 09.10.

3 terrines ^

   2.49
   €
   3 x 180 g g | 1 kg = 4.61 €
     * A partir du 09.10.

Andouille de Bretagne ^

   2.39
   €
   300 g | 1 kg = 7.97 €
     * A partir du 09.10.
     * ribbon-image

Tripes à la mode de Caen ^

   3.29
   €
   600 g | 1 kg = 5.48 €
     * A partir du 09.10.

Mogettes de Vendée IGP ^

   1.99
   €
   530 g (PNE) | 1 kg = 3.75 €
     * A partir du 09.10.
     * ribbon-image

Tarte pommes de terre et camembert ^

   1.99
   €
   350 g | 1 kg = 5.69 €
     * A partir du 09.10.
     * ribbon-image

Gâteau Breton saveur framboise ^

   2.55
   €
   400 g | 1 kg = 6.38 €
     * A partir du 09.10.

Galettes bretonnes de Pont-Aven ^

   2.19
   €
   130 g | 1 kg = 16.85 €
     * A partir du 09.10.

Berlingots Nantais ^

   1.79
   €
   150 g | 1 kg = 11.93 €
     * A partir du 09.10.

Pur jus de pomme de Bretagne ^

   1.69
   €
   La bouteille de 1 L
     * A partir du 09.10.

Pommeau de Normandie AOC ^

   6.59
   €
   70 cl | 1 L = 9.41 €
     * A partir du 09.10.

Confiture au lait de Normandie ^

   1.99
   €
   320 g | 1 kg = 6.22 €
     * A partir du 09.10.

Fine Calvados ^

   14.29
   €
   70 cl | 1 L = 20.41 €
     * A partir du 09.10.

Anjou Domaine de Gagnebert 2017 AOC** ou Saumur 2018 AOP ^

   4.49
   €
   75 cl | 1 L = 5.99 €
     * A partir du 09.10.

Boules coco ^

   1.99
   €
   200 g | 1 kg = 9.95 €
     * A partir du 09.10.

Jus frais tropical ^

   1.69
   €
   La bouteille de 1 L
     * A partir du 09.10.
     * ribbon-image

Feuilleté saumon épinards ^

   3.99
   €
   500 g | 1 kg = 7.98 €
     * A partir du 09.10.
     * ribbon-image

Nectar de pêche de vigne zéro gaspi ^

   1.99
   €
   75 cl | 1 L = 2.65 €
     * A partir du 09.10.

3 Rocamadour AOP ^

   2.19
   €
   105 g | 1 kg = 20.86 €
     * A partir du 09.10.
     * ribbon-image

Gardianne de taureau au vin des Costières ^

   4.59
   €
   585 g | 1 kg = 7.85 €
     * A partir du 09.10.

Garbure au jambon de pays aux 6 légumes ^

   3.29
   €
   760 g | 1 kg = 4.33 €
     * A partir du 09.10.

Poulet basquaise ^

   3.99
   €
   760 g | 1 kg = 5.25 €
     * A partir du 09.10.

Parmentier de canard ^

   4.99
   €
   750 g | 1 kg = 6.65 €
     * A partir du 09.10.
     * ribbon-image

Brandade de morue de Nîmes ^

   1.99
   €
   190 g | 1 kg = 10.47 €
     * A partir du 09.10.

Cake Océane ^

   2.99
   €
   260 g | 1 kg = 11.50 €
     * A partir du 09.10.
     * ribbon-image

Coq au vin de Bergerac ^

   3.99
   €
   760 g | 1 kg = 5.25 €
     * A partir du 09.10.

Pastis Landais ^

   2.99
   €
   450 g | 1 kg = 6.64 €
     * A partir du 09.10.

Croustade des Pyrénées aux pruneaux ^

   2.99
   €
   350 g | 1 kg = 8.54 €
     * A partir du 09.10.

6 canelés de Bordeaux ^

   1.99
   €
   360 g | 1 kg = 5.53 €
     * A partir du 09.10.
     * ribbon-image

Crème glacée ^

   2.49
   €
   280 g | 1 kg = 8.89 €
     * ribbon-image

Miel de Languedoc-Roussillon ^

   3.99
   €
   375 g | 1 kg = 10.64 €
     * A partir du 09.10.

Samoussas poulet curry-coco ^

   2.29
   €
   230 g | 1 kg = 9.96 €
     * A partir du 09.10.
     * ribbon-image

Kouign Amann ^

   4.45
   €
   400 g | 1 kg = 11.13 €
     * A partir du 09.10.

     * Satisfait ou remboursé
     * Pain chaque jour
     * Nos engagements

   Choisir votre langage
     * fr: fr

   Ne manquez plus nos offres !
   Entrez votre adresse mail ____________________ (BUTTON) Inscrivez-vous
   pour recevoir les newsletter et les offres
     * Plan du site
          + Nos offres
          + Marché
          + Recettes
          + Le Blog
          + Bébé
          + Lidl 30 ans
          + Jeux
          + Astérix
          + Voyages
          + Boutique Vins
          + Les producteurs
     * Application Mobile
          +
          +
     * Légal
          + Protection des données
          + Informations sur les cookies
          + Mentions légales
     * Contactez-nous
       Tél : 0800 900 343
       Nous contacter
       Du lundi au samedi de 8h30 à 19h30
       Service et appel gratuits
     * Supermarchés près de chez vous
       Utiliser ma location Trouver votre supermarché
       Supermarchés près de chez vous ____________________ (BUTTON)

     * Navigation de la compagnie
          + Nos engagements
          + Emplois
          + Immobilier
          + Facture en ligne
          + Découvrir Lidl
          + Informations Clients
          + Aide et Service
     *
          +
          +
          +

   (BUTTON) Revenir en haut de la page
   IFRAME: https://www.googletagmanager.com/ns.html?id=GTM-NXC92P

Pas de Javascript

   S’il vous plait active Javascript

   jumpmark.screenreadertext
     * jumpmark.item.textblock.menu
     * jumpmark.item.textblock.services
     * jumpmark.item.textblock.content
     * jumpmark.item.textblock.language
     * jumpmark.item.textblock.language

     * Nous utilisons des cookies pour améliorer votre expérience sur
       notre site. En poursuivant votre navigation sur ce site, vous
       consentez à notre utilisation des cookies conformément à notre
       politique en matière de cookies.

   Plus d’information
   (BUTTON) OK

   Lidl.fr
   Navigation de la compagnie
     * Nos engagements
     * Emplois
     * Immobilier
     * Facture en ligne
     * Découvrir Lidl
     * Informations Clients
     * Aide et Service

   Chosir votre langue
     * fr: fr

   Lidl France
   Menu
   Le vrai prix des bonnes choses
   Navigation de l'utilisateur
     * Supermarché et horaires
     * Catalogues en ligne
     * Newsletter
     * Contact
     * Réseaux sociaux

   Réseaux sociaux
     * Youtube
     * Facebook
     * Instagram

   Prospectus en ligne

   Sélectionnez votre supermarché pour voir toutes les offres disponibles
   dans votre région

   Voir les offres dans votre région ____________________ (BUTTON)
   Utiliser la position actuelle

   Afficher plus de prospectus
   Trouvez votre supermarché
   Indiquez une ville et découvrez les supermarchés autour de vous
   Navigation principale
     * Retour

   (BUTTON)
   Nos offres
     * Nos offres Vue d’ensemble
     * Semaine actuelle
          + Semaine actuelle Vue d’ensemble
          + Lundi 07/10 Bricolage
          + Lundi 07/10 Mode : Femme
          + Mercredi 09/10 Si bon, si bio
          + Mercredi 09/10 Foire à la bière
          + Mercredi 09/10 Les Saveurs Régionales
          + Jeudi 10/10 Salle de bain
          + Jeudi 10/10 Mode : Homme
     * Semaine prochaine
          + Semaine prochaine Vue d’ensemble
          + Lundi 14/10 Cuisine
          + Lundi 14/10 Mode
          + Mercredi 16/10 Italiamo
          + Mercredi 16/10 Halloween

   Marché
     * Marché Vue d’ensemble
     * Semaine actuelle
          + Semaine actuelle Vue d’ensemble
          + Fruits et Légumes
          + Viandes et Poissons
          + Plantes & Fleurs
          + Offres spéciales
          + Super Samedi
     * Semaine prochaine
          + Semaine prochaine Vue d’ensemble
          + Fruits et Légumes
          + Viandes et Poissons
          + Plantes & Fleurs
          + Offres spéciales
          + Super Samedi

   Recettes
   Le Blog
   Bébé
   Lidl 30 ans
   Jeux
   Astérix
   Voyages
   Boutique Vins
   Les producteurs
   (BUTTON)
   Chosir votre langue
     * fr: fr

   Navigation de la compagnie
     * Nos engagements
     * Emplois
     * Immobilier
     * Facture en ligne
     * Découvrir Lidl
     * Informations Clients
     * Aide et Service

     *
     *
     *

   (BUTTON)
   Semaine actuelle
   Semaine prochaine
   (BUTTON)
     * Semaine actuelle
       (BUTTON)
       Lundi 07/10 Bricolage
       Lundi 07/10 Mode : Femme
       Mercredi 09/10 Si bon, si bio
       Mercredi 09/10 Foire à la bière
       Mercredi 09/10 Les Saveurs Régionales
       Jeudi 10/10 Salle de bain
       Jeudi 10/10 Mode : Homme
       (BUTTON)
     * Semaine prochaine
       (BUTTON)
       Lundi 14/10 Cuisine
       Lundi 14/10 Mode
       Mercredi 16/10 Italiamo
       Mercredi 16/10 Halloween
       (BUTTON)

   En vente le 09/10

Rillettes de porc Label Rouge ^

   1.99
   €
   200 g | 1 kg = 9.95 €
     * A partir du 09.10.
     * ribbon-image

2 feuilletés de la mer ^

   2.39
   €
   340 g | 1 kg = 7.03 €
     * A partir du 09.10.
     * ribbon-image

Petit salé Lillois ^

   1.99
   €
   200 g | 1 kg = 9.95 €
     * A partir du 09.10.
     * ribbon-image

Bêtises de Cambrai ^

   1.29
   €
   200 g | 1 kg = 6.45 €
     * A partir du 09.10.

Gaufrettes amusantes ^

   1.79
   €
   175 g | 1 kg = 10.23 €
     * A partir du 09.10.

Salade de cervelas ^

   2.29
   €
   500 g | 1 kg = 4.58 €
     * A partir du 09.10.
     * ribbon-image

Pavé Burger Bacon Munster ^

   2.49
   €
   195 g | 1 kg = 12.77 €
     * A partir du 09.10.
     * ribbon-image

12 accras de morue sauce aigre douce ^

   1.59
   €
   210 g | 1 kg = 7.57 €
     * A partir du 09.10.
     * ribbon-image

Époisses AOP ^

   3.99
   €
   250 g | 1 kg = 15.96 €
     * A partir du 09.10.
     * ribbon-image

Langres AOP ^

   2.75
   €
   180 g | 1 kg = 15.28 €
     * A partir du 09.10.
     * ribbon-image

Boudins noirs rhum** raisins ^

   1.99
   €
   330 g | 1 kg = 6.03 €
     * A partir du 09.10.
     * ribbon-image

Délices de Framboises et Biscuits Rose de Reims ^

   1.99
   €
   260 g | 1 kg = 7.65 €
     * A partir du 09.10.
     * ribbon-image

Fromage blanc battu ^

   2.29
   €
   800 g | 1 kg = 2.86 €
     * A partir du 09.10.
     * ribbon-image

Sorbet plein fruit au cassis de France ^

   2.49
   €
   325 g | 1 kg = 7.66 €
     * A partir du 09.10.
     * ribbon-image

Soda artisanal ^

   1.49
   €
   75 cl | 1 L = 1.99 €
     * A partir du 09.10.

Bourgogne aligoté AOP ^

   -14% 4.99 € cake.pricebox.originalPrice
   4.25
   €
   75 cl | 1 L = 5.67 €
     * 09.10. - 15.10.

Pissaladière ^

   2.69
   €
   270 g | 1 kg = 9.96 €
     * A partir du 09.10.
     * ribbon-image

Bouillabaisse ^

   4.99
   €
   900 g | 1 kg = 5.54 €
     * A partir du 09.10.
     * ribbon-image

Tripes à la provençale ^

   2.79
   €
   500 g | 1 kg = 5.58 €
     * A partir du 09.10.
     * ribbon-image

Bouillabaisse aux épices ^

   5.99
   €
   1.5 kg | 1 kg = 3.99 €
     * A partir du 09.10.
     * ribbon-image

2 yaourts brassés figue-miel ^

   1.99
   €
   2 x 160 g | 1 kg = 6.22 €
     * A partir du 09.10.
     * ribbon-image

Huile d’olive de Provence AOC vierge extra ^

   4.29
   €
   250 ml | 1 L = 17.16 €
     * A partir du 09.10.

Bouchons du Quercy ^

   1.89
   €
   90 g | 1 kg = 21.00 €
     * A partir du 09.10.
     * ribbon-image

9 mini tielles sétoises ^

   2.49
   €
   180 g | 1 kg = 13.83 €
     * A partir du 09.10.
     * ribbon-image

Muscat de Mireval AOP ^

   5.29
   €
   75 cl | 1 L = 7.05 €
     * A partir du 09.10.

Savon de Provence ^

   0.99
   €
   100 g | 1 kg = 9.90 €
     * A partir du 09.10.

Mini samoussas au boeuf ^

   2.39
   €
   200 g | 1 kg = 11.95 €
     * A partir du 09.10.

Boudin noir antillais ^

   1.69
   €
   360 g | 1 kg = 4.69 €
     * A partir du 09.10.
     * ribbon-image

Pogne de Romans ^

   3.49
   €
   400 g | 1 kg = 8.73 €
     * A partir du 09.10.

Thé ou infusion aromatisé ^

   3.69
   €
   60/80/110 g | 1 kg = 61.50 €
     * A partir du 09.10.

Sablés apéritif ^

   1.79
   €
   120 g | 1 kg = 14.92 €
     * A partir du 09.10.

Saucisson sec au bleu d’Auvergne ^

   2.89
   €
   250 g | 1 kg = 11.56 €
     * A partir du 09.10.

Jambon d’auvergne IGP ^

   1.99
   €
   100 g | 1 kg = 19.90 €
     * A partir du 09.10.
     * ribbon-image

Tartiflette au Reblochon de Savoie ^

   4.99
   €
   600 g | 1 kg = 8.32 €
     * A partir du 09.10.
     * ribbon-image

Gâteau moelleux du Limousin ^

   2.49
   €
   320 g | 1 kg = 7.78 €
     * A partir du 09.10.

Barre de nougat de Montélimar ^

   2.49
   €
   200 g | 1 kg = 12.45 €
     * A partir du 09.10.

Fleur de sel de l’île de Ré ^

   2.29
   €
   125 g | 1 kg = 18.32 €
     * A partir du 09.10.

3 terrines ^

   2.49
   €
   3 x 180 g g | 1 kg = 4.61 €
     * A partir du 09.10.

Andouille de Bretagne ^

   2.39
   €
   300 g | 1 kg = 7.97 €
     * A partir du 09.10.
     * ribbon-image

Tripes à la mode de Caen ^

   3.29
   €
   600 g | 1 kg = 5.48 €
     * A partir du 09.10.

Mogettes de Vendée IGP ^

   1.99
   €
   530 g (PNE) | 1 kg = 3.75 €
     * A partir du 09.10.
     * ribbon-image

Tarte pommes de terre et camembert ^

   1.99
   €
   350 g | 1 kg = 5.69 €
     * A partir du 09.10.
     * ribbon-image

Gâteau Breton saveur framboise ^

   2.55
   €
   400 g | 1 kg = 6.38 €
     * A partir du 09.10.

Galettes bretonnes de Pont-Aven ^

   2.19
   €
   130 g | 1 kg = 16.85 €
     * A partir du 09.10.

Berlingots Nantais ^

   1.79
   €
   150 g | 1 kg = 11.93 €
     * A partir du 09.10.

Pur jus de pomme de Bretagne ^

   1.69
   €
   La bouteille de 1 L
     * A partir du 09.10.

Pommeau de Normandie AOC ^

   6.59
   €
   70 cl | 1 L = 9.41 €
     * A partir du 09.10.

Confiture au lait de Normandie ^

   1.99
   €
   320 g | 1 kg = 6.22 €
     * A partir du 09.10.

Fine Calvados ^

   14.29
   €
   70 cl | 1 L = 20.41 €
     * A partir du 09.10.

Anjou Domaine de Gagnebert 2017 AOC** ou Saumur 2018 AOP ^

   4.49
   €
   75 cl | 1 L = 5.99 €
     * A partir du 09.10.

Boules coco ^

   1.99
   €
   200 g | 1 kg = 9.95 €
     * A partir du 09.10.

Jus frais tropical ^

   1.69
   €
   La bouteille de 1 L
     * A partir du 09.10.
     * ribbon-image

Feuilleté saumon épinards ^

   3.99
   €
   500 g | 1 kg = 7.98 €
     * A partir du 09.10.
     * ribbon-image

Nectar de pêche de vigne zéro gaspi ^

   1.99
   €
   75 cl | 1 L = 2.65 €
     * A partir du 09.10.

3 Rocamadour AOP ^

   2.19
   €
   105 g | 1 kg = 20.86 €
     * A partir du 09.10.
     * ribbon-image

Gardianne de taureau au vin des Costières ^

   4.59
   €
   585 g | 1 kg = 7.85 €
     * A partir du 09.10.

Garbure au jambon de pays aux 6 légumes ^

   3.29
   €
   760 g | 1 kg = 4.33 €
     * A partir du 09.10.

Poulet basquaise ^

   3.99
   €
   760 g | 1 kg = 5.25 €
     * A partir du 09.10.

Parmentier de canard ^

   4.99
   €
   750 g | 1 kg = 6.65 €
     * A partir du 09.10.
     * ribbon-image

Brandade de morue de Nîmes ^

   1.99
   €
   190 g | 1 kg = 10.47 €
     * A partir du 09.10.

Cake Océane ^

   2.99
   €
   260 g | 1 kg = 11.50 €
     * A partir du 09.10.
     * ribbon-image

Coq au vin de Bergerac ^

   3.99
   €
   760 g | 1 kg = 5.25 €
     * A partir du 09.10.

Pastis Landais ^

   2.99
   €
   450 g | 1 kg = 6.64 €
     * A partir du 09.10.

Croustade des Pyrénées aux pruneaux ^

   2.99
   €
   350 g | 1 kg = 8.54 €
     * A partir du 09.10.

6 canelés de Bordeaux ^

   1.99
   €
   360 g | 1 kg = 5.53 €
     * A partir du 09.10.
     * ribbon-image

Crème glacée ^

   2.49
   €
   280 g | 1 kg = 8.89 €
     * ribbon-image

Miel de Languedoc-Roussillon ^

   3.99
   €
   375 g | 1 kg = 10.64 €
     * A partir du 09.10.

Samoussas poulet curry-coco ^

   2.29
   €
   230 g | 1 kg = 9.96 €
     * A partir du 09.10.
     * ribbon-image

Kouign Amann ^

   4.45
   €
   400 g | 1 kg = 11.13 €
     * A partir du 09.10.

     * Satisfait ou remboursé
     * Pain chaque jour
     * Nos engagements

   Choisir votre langage
     * fr: fr

   Ne manquez plus nos offres !
   Entrez votre adresse mail ____________________ (BUTTON) Inscrivez-vous
   pour recevoir les newsletter et les offres
     * Plan du site
          + Nos offres
          + Marché
          + Recettes
          + Le Blog
          + Bébé
          + Lidl 30 ans
          + Jeux
          + Astérix
          + Voyages
          + Boutique Vins
          + Les producteurs
     * Application Mobile
          +
          +
     * Légal
          + Protection des données
          + Informations sur les cookies
          + Mentions légales
     * Contactez-nous
       Tél : 0800 900 343
       Nous contacter
       Du lundi au samedi de 8h30 à 19h30
       Service et appel gratuits
     * Supermarchés près de chez vous
       Utiliser ma location Trouver votre supermarché
       Supermarchés près de chez vous ____________________ (BUTTON)

     * Navigation de la compagnie
          + Nos engagements
          + Emplois
          + Immobilier
          + Facture en ligne
          + Découvrir Lidl
          + Informations Clients
          + Aide et Service
     *
          +
          +
          +

   (BUTTON) Revenir en haut de la page
   IFRAME: https://www.googletagmanager.com/ns.html?id=GTM-NXC92P

Pas de Javascript

   S’il vous plait active Javascript

   jumpmark.screenreadertext
     * jumpmark.item.textblock.menu
     * jumpmark.item.textblock.services
     * jumpmark.item.textblock.content
     * jumpmark.item.textblock.language
     * jumpmark.item.textblock.language

     * Nous utilisons des cookies pour améliorer votre expérience sur
       notre site. En poursuivant votre navigation sur ce site, vous
       consentez à notre utilisation des cookies conformément à notre
       politique en matière de cookies.

   Plus d’information
   (BUTTON) OK

   Lidl.fr
   Navigation de la compagnie
     * Nos engagements
     * Emplois
     * Immobilier
     * Facture en ligne
     * Découvrir Lidl
     * Informations Clients
     * Aide et Service

   Chosir votre langue
     * fr: fr

   Lidl France
   Menu
   Le vrai prix des bonnes choses
   Navigation de l'utilisateur
     * Supermarché et horaires
     * Catalogues en ligne
     * Newsletter
     * Contact
     * Réseaux sociaux

   Réseaux sociaux
     * Youtube
     * Facebook
     * Instagram

   Prospectus en ligne

   Sélectionnez votre supermarché pour voir toutes les offres disponibles
   dans votre région

   Voir les offres dans votre région ____________________ (BUTTON)
   Utiliser la position actuelle

   Afficher plus de prospectus
   Trouvez votre supermarché
   Indiquez une ville et découvrez les supermarchés autour de vous
   Navigation principale
     * Retour

   (BUTTON)
   Nos offres
     * Nos offres Vue d’ensemble
     * Semaine actuelle
          + Semaine actuelle Vue d’ensemble
          + Lundi 07/10 Bricolage
          + Lundi 07/10 Mode : Femme
          + Mercredi 09/10 Si bon, si bio
          + Mercredi 09/10 Foire à la bière
          + Mercredi 09/10 Les Saveurs Régionales
          + Jeudi 10/10 Salle de bain
          + Jeudi 10/10 Mode : Homme
     * Semaine prochaine
          + Semaine prochaine Vue d’ensemble
          + Lundi 14/10 Cuisine
          + Lundi 14/10 Mode
          + Mercredi 16/10 Italiamo
          + Mercredi 16/10 Halloween

   Marché
     * Marché Vue d’ensemble
     * Semaine actuelle
          + Semaine actuelle Vue d’ensemble
          + Fruits et Légumes
          + Viandes et Poissons
          + Plantes & Fleurs
          + Offres spéciales
          + Super Samedi
     * Semaine prochaine
          + Semaine prochaine Vue d’ensemble
          + Fruits et Légumes
          + Viandes et Poissons
          + Plantes & Fleurs
          + Offres spéciales
          + Super Samedi

   Recettes
   Le Blog
   Bébé
   Lidl 30 ans
   Jeux
   Astérix
   Voyages
   Boutique Vins
   Les producteurs
   (BUTTON)
   Chosir votre langue
     * fr: fr

   Navigation de la compagnie
     * Nos engagements
     * Emplois
     * Immobilier
     * Facture en ligne
     * Découvrir Lidl
     * Informations Clients
     * Aide et Service

     *
     *
     *

   (BUTTON)
   Semaine actuelle
   Semaine prochaine
   (BUTTON)
     * Semaine actuelle
       (BUTTON)
       Lundi 07/10 Bricolage
       Lundi 07/10 Mode : Femme
       Mercredi 09/10 Si bon, si bio
       Mercredi 09/10 Foire à la bière
       Mercredi 09/10 Les Saveurs Régionales
       Jeudi 10/10 Salle de bain
       Jeudi 10/10 Mode : Homme
       (BUTTON)
     * Semaine prochaine
       (BUTTON)
       Lundi 14/10 Cuisine
       Lundi 14/10 Mode
       Mercredi 16/10 Italiamo
       Mercredi 16/10 Halloween
       (BUTTON)

   En vente le 09/10

Rillettes de porc Label Rouge ^

   1.99
   €
   200 g | 1 kg = 9.95 €
     * A partir du 09.10.
     * ribbon-image

2 feuilletés de la mer ^

   2.39
   €
   340 g | 1 kg = 7.03 €
     * A partir du 09.10.
     * ribbon-image

Petit salé Lillois ^

   1.99
   €
   200 g | 1 kg = 9.95 €
     * A partir du 09.10.
     * ribbon-image

Bêtises de Cambrai ^

   1.29
   €
   200 g | 1 kg = 6.45 €
     * A partir du 09.10.

Gaufrettes amusantes ^

   1.79
   €
   175 g | 1 kg = 10.23 €
     * A partir du 09.10.

Salade de cervelas ^

   2.29
   €
   500 g | 1 kg = 4.58 €
     * A partir du 09.10.
     * ribbon-image

Pavé Burger Bacon Munster ^

   2.49
   €
   195 g | 1 kg = 12.77 €
     * A partir du 09.10.
     * ribbon-image

12 accras de morue sauce aigre douce ^

   1.59
   €
   210 g | 1 kg = 7.57 €
     * A partir du 09.10.
     * ribbon-image

Époisses AOP ^

   3.99
   €
   250 g | 1 kg = 15.96 €
     * A partir du 09.10.
     * ribbon-image

Langres AOP ^

   2.75
   €
   180 g | 1 kg = 15.28 €
     * A partir du 09.10.
     * ribbon-image

Boudins noirs rhum** raisins ^

   1.99
   €
   330 g | 1 kg = 6.03 €
     * A partir du 09.10.
     * ribbon-image

Délices de Framboises et Biscuits Rose de Reims ^

   1.99
   €
   260 g | 1 kg = 7.65 €
     * A partir du 09.10.
     * ribbon-image

Fromage blanc battu ^

   2.29
   €
   800 g | 1 kg = 2.86 €
     * A partir du 09.10.
     * ribbon-image

Sorbet plein fruit au cassis de France ^

   2.49
   €
   325 g | 1 kg = 7.66 €
     * A partir du 09.10.
     * ribbon-image

Soda artisanal ^

   1.49
   €
   75 cl | 1 L = 1.99 €
     * A partir du 09.10.

Bourgogne aligoté AOP ^

   -14% 4.99 € cake.pricebox.originalPrice
   4.25
   €
   75 cl | 1 L = 5.67 €
     * 09.10. - 15.10.

Pissaladière ^

   2.69
   €
   270 g | 1 kg = 9.96 €
     * A partir du 09.10.
     * ribbon-image

Bouillabaisse ^

   4.99
   €
   900 g | 1 kg = 5.54 €
     * A partir du 09.10.
     * ribbon-image

Tripes à la provençale ^

   2.79
   €
   500 g | 1 kg = 5.58 €
     * A partir du 09.10.
     * ribbon-image

Bouillabaisse aux épices ^

   5.99
   €
   1.5 kg | 1 kg = 3.99 €
     * A partir du 09.10.
     * ribbon-image

2 yaourts brassés figue-miel ^

   1.99
   €
   2 x 160 g | 1 kg = 6.22 €
     * A partir du 09.10.
     * ribbon-image

Huile d’olive de Provence AOC vierge extra ^

   4.29
   €
   250 ml | 1 L = 17.16 €
     * A partir du 09.10.

Bouchons du Quercy ^

   1.89
   €
   90 g | 1 kg = 21.00 €
     * A partir du 09.10.
     * ribbon-image

9 mini tielles sétoises ^

   2.49
   €
   180 g | 1 kg = 13.83 €
     * A partir du 09.10.
     * ribbon-image

Muscat de Mireval AOP ^

   5.29
   €
   75 cl | 1 L = 7.05 €
     * A partir du 09.10.

Savon de Provence ^

   0.99
   €
   100 g | 1 kg = 9.90 €
     * A partir du 09.10.

Mini samoussas au boeuf ^

   2.39
   €
   200 g | 1 kg = 11.95 €
     * A partir du 09.10.

Boudin noir antillais ^

   1.69
   €
   360 g | 1 kg = 4.69 €
     * A partir du 09.10.
     * ribbon-image

Pogne de Romans ^

   3.49
   €
   400 g | 1 kg = 8.73 €
     * A partir du 09.10.

Thé ou infusion aromatisé ^

   3.69
   €
   60/80/110 g | 1 kg = 61.50 €
     * A partir du 09.10.

Sablés apéritif ^

   1.79
   €
   120 g | 1 kg = 14.92 €
     * A partir du 09.10.

Saucisson sec au bleu d’Auvergne ^

   2.89
   €
   250 g | 1 kg = 11.56 €
     * A partir du 09.10.

Jambon d’auvergne IGP ^

   1.99
   €
   100 g | 1 kg = 19.90 €
     * A partir du 09.10.
     * ribbon-image

Tartiflette au Reblochon de Savoie ^

   4.99
   €
   600 g | 1 kg = 8.32 €
     * A partir du 09.10.
     * ribbon-image

Gâteau moelleux du Limousin ^

   2.49
   €
   320 g | 1 kg = 7.78 €
     * A partir du 09.10.

Barre de nougat de Montélimar ^

   2.49
   €
   200 g | 1 kg = 12.45 €
     * A partir du 09.10.

Fleur de sel de l’île de Ré ^

   2.29
   €
   125 g | 1 kg = 18.32 €
     * A partir du 09.10.

3 terrines ^

   2.49
   €
   3 x 180 g g | 1 kg = 4.61 €
     * A partir du 09.10.

Andouille de Bretagne ^

   2.39
   €
   300 g | 1 kg = 7.97 €
     * A partir du 09.10.
     * ribbon-image

Tripes à la mode de Caen ^

   3.29
   €
   600 g | 1 kg = 5.48 €
     * A partir du 09.10.

Mogettes de Vendée IGP ^

   1.99
   €
   530 g (PNE) | 1 kg = 3.75 €
     * A partir du 09.10.
     * ribbon-image

Tarte pommes de terre et camembert ^

   1.99
   €
   350 g | 1 kg = 5.69 €
     * A partir du 09.10.
     * ribbon-image

Gâteau Breton saveur framboise ^

   2.55
   €
   400 g | 1 kg = 6.38 €
     * A partir du 09.10.

Galettes bretonnes de Pont-Aven ^

   2.19
   €
   130 g | 1 kg = 16.85 €
     * A partir du 09.10.

Berlingots Nantais ^

   1.79
   €
   150 g | 1 kg = 11.93 €
     * A partir du 09.10.

Pur jus de pomme de Bretagne ^

   1.69
   €
   La bouteille de 1 L
     * A partir du 09.10.

Pommeau de Normandie AOC ^

   6.59
   €
   70 cl | 1 L = 9.41 €
     * A partir du 09.10.

Confiture au lait de Normandie ^

   1.99
   €
   320 g | 1 kg = 6.22 €
     * A partir du 09.10.

Fine Calvados ^

   14.29
   €
   70 cl | 1 L = 20.41 €
     * A partir du 09.10.

Anjou Domaine de Gagnebert 2017 AOC** ou Saumur 2018 AOP ^

   4.49
   €
   75 cl | 1 L = 5.99 €
     * A partir du 09.10.

Boules coco ^

   1.99
   €
   200 g | 1 kg = 9.95 €
     * A partir du 09.10.

Jus frais tropical ^

   1.69
   €
   La bouteille de 1 L
     * A partir du 09.10.
     * ribbon-image

Feuilleté saumon épinards ^

   3.99
   €
   500 g | 1 kg = 7.98 €
     * A partir du 09.10.
     * ribbon-image

Nectar de pêche de vigne zéro gaspi ^

   1.99
   €
   75 cl | 1 L = 2.65 €
     * A partir du 09.10.

3 Rocamadour AOP ^

   2.19
   €
   105 g | 1 kg = 20.86 €
     * A partir du 09.10.
     * ribbon-image

Gardianne de taureau au vin des Costières ^

   4.59
   €
   585 g | 1 kg = 7.85 €
     * A partir du 09.10.

Garbure au jambon de pays aux 6 légumes ^

   3.29
   €
   760 g | 1 kg = 4.33 €
     * A partir du 09.10.

Poulet basquaise ^

   3.99
   €
   760 g | 1 kg = 5.25 €
     * A partir du 09.10.

Parmentier de canard ^

   4.99
   €
   750 g | 1 kg = 6.65 €
     * A partir du 09.10.
     * ribbon-image

Brandade de morue de Nîmes ^

   1.99
   €
   190 g | 1 kg = 10.47 €
     * A partir du 09.10.

Cake Océane ^

   2.99
   €
   260 g | 1 kg = 11.50 €
     * A partir du 09.10.
     * ribbon-image

Coq au vin de Bergerac ^

   3.99
   €
   760 g | 1 kg = 5.25 €
     * A partir du 09.10.

Pastis Landais ^

   2.99
   €
   450 g | 1 kg = 6.64 €
     * A partir du 09.10.

Croustade des Pyrénées aux pruneaux ^

   2.99
   €
   350 g | 1 kg = 8.54 €
     * A partir du 09.10.

6 canelés de Bordeaux ^

   1.99
   €
   360 g | 1 kg = 5.53 €
     * A partir du 09.10.
     * ribbon-image

Crème glacée ^

   2.49
   €
   280 g | 1 kg = 8.89 €
     * ribbon-image

Miel de Languedoc-Roussillon ^

   3.99
   €
   375 g | 1 kg = 10.64 €
     * A partir du 09.10.

Samoussas poulet curry-coco ^

   2.29
   €
   230 g | 1 kg = 9.96 €
     * A partir du 09.10.
     * ribbon-image

Kouign Amann ^

   4.45
   €
   400 g | 1 kg = 11.13 €
     * A partir du 09.10.

     * Satisfait ou remboursé
     * Pain chaque jour
     * Nos engagements

   Choisir votre langage
     * fr: fr

   Ne manquez plus nos offres !
   Entrez votre adresse mail ____________________ (BUTTON) Inscrivez-vous
   pour recevoir les newsletter et les offres
     * Plan du site
          + Nos offres
          + Marché
          + Recettes
          + Le Blog
          + Bébé
          + Lidl 30 ans
          + Jeux
          + Astérix
          + Voyages
          + Boutique Vins
          + Les producteurs
     * Application Mobile
          +
          +
     * Légal
          + Protection des données
          + Informations sur les cookies
          + Mentions légales
     * Contactez-nous
       Tél : 0800 900 343
       Nous contacter
       Du lundi au samedi de 8h30 à 19h30
       Service et appel gratuits
     * Supermarchés près de chez vous
       Utiliser ma location Trouver votre supermarché
       Supermarchés près de chez vous ____________________ (BUTTON)

     * Navigation de la compagnie
          + Nos engagements
          + Emplois
          + Immobilier
          + Facture en ligne
          + Découvrir Lidl
          + Informations Clients
          + Aide et Service
     *
          +
          +
          +

   (BUTTON) Revenir en haut de la page
   IFRAME: https://www.googletagmanager.com/ns.html?id=GTM-NXC92P

Pas de Javascript

   S’il vous plait active Javascript

   jumpmark.screenreadertext
     * jumpmark.item.textblock.menu
     * jumpmark.item.textblock.services
     * jumpmark.item.textblock.content
     * jumpmark.item.textblock.language
     * jumpmark.item.textblock.language

     * Nous utilisons des cookies pour améliorer votre expérience sur
       notre site. En poursuivant votre navigation sur ce site, vous
       consentez à notre utilisation des cookies conformément à notre
       politique en matière de cookies.

   Plus d’information
   (BUTTON) OK

   Lidl.fr
   Navigation de la compagnie
     * Nos engagements
     * Emplois
     * Immobilier
     * Facture en ligne
     * Découvrir Lidl
     * Informations Clients
     * Aide et Service

   Chosir votre langue
     * fr: fr

   Lidl France
   Menu
   Le vrai prix des bonnes choses
   Navigation de l'utilisateur
     * Supermarché et horaires
     * Catalogues en ligne
     * Newsletter
     * Contact
     * Réseaux sociaux

   Réseaux sociaux
     * Youtube
     * Facebook
     * Instagram

   Prospectus en ligne

   Sélectionnez votre supermarché pour voir toutes les offres disponibles
   dans votre région

   Voir les offres dans votre région ____________________ (BUTTON)
   Utiliser la position actuelle

   Afficher plus de prospectus
   Trouvez votre supermarché
   Indiquez une ville et découvrez les supermarchés autour de vous
   Navigation principale
     * Retour

   (BUTTON)
   Nos offres
     * Nos offres Vue d’ensemble
     * Semaine actuelle
          + Semaine actuelle Vue d’ensemble
          + Lundi 07/10 Bricolage
          + Lundi 07/10 Mode : Femme
          + Mercredi 09/10 Si bon, si bio
          + Mercredi 09/10 Foire à la bière
          + Mercredi 09/10 Les Saveurs Régionales
          + Jeudi 10/10 Salle de bain
          + Jeudi 10/10 Mode : Homme
     * Semaine prochaine
          + Semaine prochaine Vue d’ensemble
          + Lundi 14/10 Cuisine
          + Lundi 14/10 Mode
          + Mercredi 16/10 Italiamo
          + Mercredi 16/10 Halloween

   Marché
     * Marché Vue d’ensemble
     * Semaine actuelle
          + Semaine actuelle Vue d’ensemble
          + Fruits et Légumes
          + Viandes et Poissons
          + Plantes & Fleurs
          + Offres spéciales
          + Super Samedi
     * Semaine prochaine
          + Semaine prochaine Vue d’ensemble
          + Fruits et Légumes
          + Viandes et Poissons
          + Plantes & Fleurs
          + Offres spéciales
          + Super Samedi

   Recettes
   Le Blog
   Bébé
   Lidl 30 ans
   Jeux
   Astérix
   Voyages
   Boutique Vins
   Les producteurs
   (BUTTON)
   Chosir votre langue
     * fr: fr

   Navigation de la compagnie
     * Nos engagements
     * Emplois
     * Immobilier
     * Facture en ligne
     * Découvrir Lidl
     * Informations Clients
     * Aide et Service

     *
     *
     *

   (BUTTON)
   Semaine actuelle
   Semaine prochaine
   (BUTTON)
     * Semaine actuelle
       (BUTTON)
       Lundi 07/10 Bricolage
       Lundi 07/10 Mode : Femme
       Mercredi 09/10 Si bon, si bio
       Mercredi 09/10 Foire à la bière
       Mercredi 09/10 Les Saveurs Régionales
       Jeudi 10/10 Salle de bain
       Jeudi 10/10 Mode : Homme
       (BUTTON)
     * Semaine prochaine
       (BUTTON)
       Lundi 14/10 Cuisine
       Lundi 14/10 Mode
       Mercredi 16/10 Italiamo
       Mercredi 16/10 Halloween
       (BUTTON)

   En vente le 09/10

Rillettes de porc Label Rouge ^

   1.99
   €
   200 g | 1 kg = 9.95 €
     * A partir du 09.10.
     * ribbon-image

2 feuilletés de la mer ^

   2.39
   €
   340 g | 1 kg = 7.03 €
     * A partir du 09.10.
     * ribbon-image

Petit salé Lillois ^

   1.99
   €
   200 g | 1 kg = 9.95 €
     * A partir du 09.10.
     * ribbon-image

Bêtises de Cambrai ^

   1.29
   €
   200 g | 1 kg = 6.45 €
     * A partir du 09.10.

Gaufrettes amusantes ^

   1.79
   €
   175 g | 1 kg = 10.23 €
     * A partir du 09.10.

Salade de cervelas ^

   2.29
   €
   500 g | 1 kg = 4.58 €
     * A partir du 09.10.
     * ribbon-image

Pavé Burger Bacon Munster ^

   2.49
   €
   195 g | 1 kg = 12.77 €
     * A partir du 09.10.
     * ribbon-image

12 accras de morue sauce aigre douce ^

   1.59
   €
   210 g | 1 kg = 7.57 €
     * A partir du 09.10.
     * ribbon-image

Époisses AOP ^

   3.99
   €
   250 g | 1 kg = 15.96 €
     * A partir du 09.10.
     * ribbon-image

Langres AOP ^

   2.75
   €
   180 g | 1 kg = 15.28 €
     * A partir du 09.10.
     * ribbon-image

Boudins noirs rhum** raisins ^

   1.99
   €
   330 g | 1 kg = 6.03 €
     * A partir du 09.10.
     * ribbon-image

Délices de Framboises et Biscuits Rose de Reims ^

   1.99
   €
   260 g | 1 kg = 7.65 €
     * A partir du 09.10.
     * ribbon-image

Fromage blanc battu ^

   2.29
   €
   800 g | 1 kg = 2.86 €
     * A partir du 09.10.
     * ribbon-image

Sorbet plein fruit au cassis de France ^

   2.49
   €
   325 g | 1 kg = 7.66 €
     * A partir du 09.10.
     * ribbon-image

Soda artisanal ^

   1.49
   €
   75 cl | 1 L = 1.99 €
     * A partir du 09.10.

Bourgogne aligoté AOP ^

   -14% 4.99 € cake.pricebox.originalPrice
   4.25
   €
   75 cl | 1 L = 5.67 €
     * 09.10. - 15.10.

Pissaladière ^

   2.69
   €
   270 g | 1 kg = 9.96 €
     * A partir du 09.10.
     * ribbon-image

Bouillabaisse ^

   4.99
   €
   900 g | 1 kg = 5.54 €
     * A partir du 09.10.
     * ribbon-image

Tripes à la provençale ^

   2.79
   €
   500 g | 1 kg = 5.58 €
     * A partir du 09.10.
     * ribbon-image

Bouillabaisse aux épices ^

   5.99
   €
   1.5 kg | 1 kg = 3.99 €
     * A partir du 09.10.
     * ribbon-image

2 yaourts brassés figue-miel ^

   1.99
   €
   2 x 160 g | 1 kg = 6.22 €
     * A partir du 09.10.
     * ribbon-image

Huile d’olive de Provence AOC vierge extra ^

   4.29
   €
   250 ml | 1 L = 17.16 €
     * A partir du 09.10.

Bouchons du Quercy ^

   1.89
   €
   90 g | 1 kg = 21.00 €
     * A partir du 09.10.
     * ribbon-image

9 mini tielles sétoises ^

   2.49
   €
   180 g | 1 kg = 13.83 €
     * A partir du 09.10.
     * ribbon-image

Muscat de Mireval AOP ^

   5.29
   €
   75 cl | 1 L = 7.05 €
     * A partir du 09.10.

Savon de Provence ^

   0.99
   €
   100 g | 1 kg = 9.90 €
     * A partir du 09.10.

Mini samoussas au boeuf ^

   2.39
   €
   200 g | 1 kg = 11.95 €
     * A partir du 09.10.

Boudin noir antillais ^

   1.69
   €
   360 g | 1 kg = 4.69 €
     * A partir du 09.10.
     * ribbon-image

Pogne de Romans ^

   3.49
   €
   400 g | 1 kg = 8.73 €
     * A partir du 09.10.

Thé ou infusion aromatisé ^

   3.69
   €
   60/80/110 g | 1 kg = 61.50 €
     * A partir du 09.10.

Sablés apéritif ^

   1.79
   €
   120 g | 1 kg = 14.92 €
     * A partir du 09.10.

Saucisson sec au bleu d’Auvergne ^

   2.89
   €
   250 g | 1 kg = 11.56 €
     * A partir du 09.10.

Jambon d’auvergne IGP ^

   1.99
   €
   100 g | 1 kg = 19.90 €
     * A partir du 09.10.
     * ribbon-image

Tartiflette au Reblochon de Savoie ^

   4.99
   €
   600 g | 1 kg = 8.32 €
     * A partir du 09.10.
     * ribbon-image

Gâteau moelleux du Limousin ^

   2.49
   €
   320 g | 1 kg = 7.78 €
     * A partir du 09.10.

Barre de nougat de Montélimar ^

   2.49
   €
   200 g | 1 kg = 12.45 €
     * A partir du 09.10.

Fleur de sel de l’île de Ré ^

   2.29
   €
   125 g | 1 kg = 18.32 €
     * A partir du 09.10.

3 terrines ^

   2.49
   €
   3 x 180 g g | 1 kg = 4.61 €
     * A partir du 09.10.

Andouille de Bretagne ^

   2.39
   €
   300 g | 1 kg = 7.97 €
     * A partir du 09.10.
     * ribbon-image

Tripes à la mode de Caen ^

   3.29
   €
   600 g | 1 kg = 5.48 €
     * A partir du 09.10.

Mogettes de Vendée IGP ^

   1.99
   €
   530 g (PNE) | 1 kg = 3.75 €
     * A partir du 09.10.
     * ribbon-image

Tarte pommes de terre et camembert ^

   1.99
   €
   350 g | 1 kg = 5.69 €
     * A partir du 09.10.
     * ribbon-image

Gâteau Breton saveur framboise ^

   2.55
   €
   400 g | 1 kg = 6.38 €
     * A partir du 09.10.

Galettes bretonnes de Pont-Aven ^

   2.19
   €
   130 g | 1 kg = 16.85 €
     * A partir du 09.10.

Berlingots Nantais ^

   1.79
   €
   150 g | 1 kg = 11.93 €
     * A partir du 09.10.

Pur jus de pomme de Bretagne ^

   1.69
   €
   La bouteille de 1 L
     * A partir du 09.10.

Pommeau de Normandie AOC ^

   6.59
   €
   70 cl | 1 L = 9.41 €
     * A partir du 09.10.

Confiture au lait de Normandie ^

   1.99
   €
   320 g | 1 kg = 6.22 €
     * A partir du 09.10.

Fine Calvados ^

   14.29
   €
   70 cl | 1 L = 20.41 €
     * A partir du 09.10.

Anjou Domaine de Gagnebert 2017 AOC** ou Saumur 2018 AOP ^

   4.49
   €
   75 cl | 1 L = 5.99 €
     * A partir du 09.10.

Boules coco ^

   1.99
   €
   200 g | 1 kg = 9.95 €
     * A partir du 09.10.

Jus frais tropical ^

   1.69
   €
   La bouteille de 1 L
     * A partir du 09.10.
     * ribbon-image

Feuilleté saumon épinards ^

   3.99
   €
   500 g | 1 kg = 7.98 €
     * A partir du 09.10.
     * ribbon-image

Nectar de pêche de vigne zéro gaspi ^

   1.99
   €
   75 cl | 1 L = 2.65 €
     * A partir du 09.10.

3 Rocamadour AOP ^

   2.19
   €
   105 g | 1 kg = 20.86 €
     * A partir du 09.10.
     * ribbon-image

Gardianne de taureau au vin des Costières ^

   4.59
   €
   585 g | 1 kg = 7.85 €
     * A partir du 09.10.

Garbure au jambon de pays aux 6 légumes ^

   3.29
   €
   760 g | 1 kg = 4.33 €
     * A partir du 09.10.

Poulet basquaise ^

   3.99
   €
   760 g | 1 kg = 5.25 €
     * A partir du 09.10.

Parmentier de canard ^

   4.99
   €
   750 g | 1 kg = 6.65 €
     * A partir du 09.10.
     * ribbon-image

Brandade de morue de Nîmes ^

   1.99
   €
   190 g | 1 kg = 10.47 €
     * A partir du 09.10.

Cake Océane ^

   2.99
   €
   260 g | 1 kg = 11.50 €
     * A partir du 09.10.
     * ribbon-image

Coq au vin de Bergerac ^

   3.99
   €
   760 g | 1 kg = 5.25 €
     * A partir du 09.10.

Pastis Landais ^

   2.99
   €
   450 g | 1 kg = 6.64 €
     * A partir du 09.10.

Croustade des Pyrénées aux pruneaux ^

   2.99
   €
   350 g | 1 kg = 8.54 €
     * A partir du 09.10.

6 canelés de Bordeaux ^

   1.99
   €
   360 g | 1 kg = 5.53 €
     * A partir du 09.10.
     * ribbon-image

Crème glacée ^

   2.49
   €
   280 g | 1 kg = 8.89 €
     * ribbon-image

Miel de Languedoc-Roussillon ^

   3.99
   €
   375 g | 1 kg = 10.64 €
     * A partir du 09.10.

Samoussas poulet curry-coco ^

   2.29
   €
   230 g | 1 kg = 9.96 €
     * A partir du 09.10.
     * ribbon-image

Kouign Amann ^

   4.45
   €
   400 g | 1 kg = 11.13 €
     * A partir du 09.10.

     * Satisfait ou remboursé
     * Pain chaque jour
     * Nos engagements

   Choisir votre langage
     * fr: fr

   Ne manquez plus nos offres !
   Entrez votre adresse mail ____________________ (BUTTON) Inscrivez-vous
   pour recevoir les newsletter et les offres
     * Plan du site
          + Nos offres
          + Marché
          + Recettes
          + Le Blog
          + Bébé
          + Lidl 30 ans
          + Jeux
          + Astérix
          + Voyages
          + Boutique Vins
          + Les producteurs
     * Application Mobile
          +
          +
     * Légal
          + Protection des données
          + Informations sur les cookies
          + Mentions légales
     * Contactez-nous
       Tél : 0800 900 343
       Nous contacter
       Du lundi au samedi de 8h30 à 19h30
       Service et appel gratuits
     * Supermarchés près de chez vous
       Utiliser ma location Trouver votre supermarché
       Supermarchés près de chez vous ____________________ (BUTTON)

     * Navigation de la compagnie
          + Nos engagements
          + Emplois
          + Immobilier
          + Facture en ligne
          + Découvrir Lidl
          + Informations Clients
          + Aide et Service
     *
          +
          +
          +

   (BUTTON) Revenir en haut de la page
   IFRAME: https://www.googletagmanager.com/ns.html?id=GTM-NXC92P

Pas de Javascript

   S’il vous plait active Javascript

   jumpmark.screenreadertext
     * jumpmark.item.textblock.menu
     * jumpmark.item.textblock.services
     * jumpmark.item.textblock.content
     * jumpmark.item.textblock.language
     * jumpmark.item.textblock.language

     * Nous utilisons des cookies pour améliorer votre expérience sur
       notre site. En poursuivant votre navigation sur ce site, vous
       consentez à notre utilisation des cookies conformément à notre
       politique en matière de cookies.

   Plus d’information
   (BUTTON) OK

   Lidl.fr
   Navigation de la compagnie
     * Nos engagements
     * Emplois
     * Immobilier
     * Facture en ligne
     * Découvrir Lidl
     * Informations Clients
     * Aide et Service

   Chosir votre langue
     * fr: fr

   Lidl France
   Menu
   Le vrai prix des bonnes choses
   Navigation de l'utilisateur
     * Supermarché et horaires
     * Catalogues en ligne
     * Newsletter
     * Contact
     * Réseaux sociaux

   Réseaux sociaux
     * Youtube
     * Facebook
     * Instagram

   Prospectus en ligne

   Sélectionnez votre supermarché pour voir toutes les offres disponibles
   dans votre région

   Voir les offres dans votre région ____________________ (BUTTON)
   Utiliser la position actuelle

   Afficher plus de prospectus
   Trouvez votre supermarché
   Indiquez une ville et découvrez les supermarchés autour de vous
   Navigation principale
     * Retour

   (BUTTON)
   Nos offres
     * Nos offres Vue d’ensemble
     * Semaine actuelle
          + Semaine actuelle Vue d’ensemble
          + Lundi 07/10 Bricolage
          + Lundi 07/10 Mode : Femme
          + Mercredi 09/10 Si bon, si bio
          + Mercredi 09/10 Foire à la bière
          + Mercredi 09/10 Les Saveurs Régionales
          + Jeudi 10/10 Salle de bain
          + Jeudi 10/10 Mode : Homme
     * Semaine prochaine
          + Semaine prochaine Vue d’ensemble
          + Lundi 14/10 Cuisine
          + Lundi 14/10 Mode
          + Mercredi 16/10 Italiamo
          + Mercredi 16/10 Halloween

   Marché
     * Marché Vue d’ensemble
     * Semaine actuelle
          + Semaine actuelle Vue d’ensemble
          + Fruits et Légumes
          + Viandes et Poissons
          + Plantes & Fleurs
          + Offres spéciales
          + Super Samedi
     * Semaine prochaine
          + Semaine prochaine Vue d’ensemble
          + Fruits et Légumes
          + Viandes et Poissons
          + Plantes & Fleurs
          + Offres spéciales
          + Super Samedi

   Recettes
   Le Blog
   Bébé
   Lidl 30 ans
   Jeux
   Astérix
   Voyages
   Boutique Vins
   Les producteurs
   (BUTTON)
   Chosir votre langue
     * fr: fr

   Navigation de la compagnie
     * Nos engagements
     * Emplois
     * Immobilier
     * Facture en ligne
     * Découvrir Lidl
     * Informations Clients
     * Aide et Service

     *
     *
     *

   (BUTTON)
   Semaine actuelle
   Semaine prochaine
   (BUTTON)
     * Semaine actuelle
       (BUTTON)
       Lundi 07/10 Bricolage
       Lundi 07/10 Mode : Femme
       Mercredi 09/10 Si bon, si bio
       Mercredi 09/10 Foire à la bière
       Mercredi 09/10 Les Saveurs Régionales
       Jeudi 10/10 Salle de bain
       Jeudi 10/10 Mode : Homme
       (BUTTON)
     * Semaine prochaine
       (BUTTON)
       Lundi 14/10 Cuisine
       Lundi 14/10 Mode
       Mercredi 16/10 Italiamo
       Mercredi 16/10 Halloween
       (BUTTON)

   En vente le 09/10

Rillettes de porc Label Rouge ^

   1.99
   €
   200 g | 1 kg = 9.95 €
     * A partir du 09.10.
     * ribbon-image

2 feuilletés de la mer ^

   2.39
   €
   340 g | 1 kg = 7.03 €
     * A partir du 09.10.
     * ribbon-image

Petit salé Lillois ^

   1.99
   €
   200 g | 1 kg = 9.95 €
     * A partir du 09.10.
     * ribbon-image

Bêtises de Cambrai ^

   1.29
   €
   200 g | 1 kg = 6.45 €
     * A partir du 09.10.

Gaufrettes amusantes ^

   1.79
   €
   175 g | 1 kg = 10.23 €
     * A partir du 09.10.

Salade de cervelas ^

   2.29
   €
   500 g | 1 kg = 4.58 €
     * A partir du 09.10.
     * ribbon-image

Pavé Burger Bacon Munster ^

   2.49
   €
   195 g | 1 kg = 12.77 €
     * A partir du 09.10.
     * ribbon-image

12 accras de morue sauce aigre douce ^

   1.59
   €
   210 g | 1 kg = 7.57 €
     * A partir du 09.10.
     * ribbon-image

Époisses AOP ^

   3.99
   €
   250 g | 1 kg = 15.96 €
     * A partir du 09.10.
     * ribbon-image

Langres AOP ^

   2.75
   €
   180 g | 1 kg = 15.28 €
     * A partir du 09.10.
     * ribbon-image

Boudins noirs rhum** raisins ^

   1.99
   €
   330 g | 1 kg = 6.03 €
     * A partir du 09.10.
     * ribbon-image

Délices de Framboises et Biscuits Rose de Reims ^

   1.99
   €
   260 g | 1 kg = 7.65 €
     * A partir du 09.10.
     * ribbon-image

Fromage blanc battu ^

   2.29
   €
   800 g | 1 kg = 2.86 €
     * A partir du 09.10.
     * ribbon-image

Sorbet plein fruit au cassis de France ^

   2.49
   €
   325 g | 1 kg = 7.66 €
     * A partir du 09.10.
     * ribbon-image

Soda artisanal ^

   1.49
   €
   75 cl | 1 L = 1.99 €
     * A partir du 09.10.

Bourgogne aligoté AOP ^

   -14% 4.99 € cake.pricebox.originalPrice
   4.25
   €
   75 cl | 1 L = 5.67 €
     * 09.10. - 15.10.

Pissaladière ^

   2.69
   €
   270 g | 1 kg = 9.96 €
     * A partir du 09.10.
     * ribbon-image

Bouillabaisse ^

   4.99
   €
   900 g | 1 kg = 5.54 €
     * A partir du 09.10.
     * ribbon-image

Tripes à la provençale ^

   2.79
   €
   500 g | 1 kg = 5.58 €
     * A partir du 09.10.
     * ribbon-image

Bouillabaisse aux épices ^

   5.99
   €
   1.5 kg | 1 kg = 3.99 €
     * A partir du 09.10.
     * ribbon-image

2 yaourts brassés figue-miel ^

   1.99
   €
   2 x 160 g | 1 kg = 6.22 €
     * A partir du 09.10.
     * ribbon-image

Huile d’olive de Provence AOC vierge extra ^

   4.29
   €
   250 ml | 1 L = 17.16 €
     * A partir du 09.10.

Bouchons du Quercy ^

   1.89
   €
   90 g | 1 kg = 21.00 €
     * A partir du 09.10.
     * ribbon-image

9 mini tielles sétoises ^

   2.49
   €
   180 g | 1 kg = 13.83 €
     * A partir du 09.10.
     * ribbon-image

Muscat de Mireval AOP ^

   5.29
   €
   75 cl | 1 L = 7.05 €
     * A partir du 09.10.

Savon de Provence ^

   0.99
   €
   100 g | 1 kg = 9.90 €
     * A partir du 09.10.

Mini samoussas au boeuf ^

   2.39
   €
   200 g | 1 kg = 11.95 €
     * A partir du 09.10.

Boudin noir antillais ^

   1.69
   €
   360 g | 1 kg = 4.69 €
     * A partir du 09.10.
     * ribbon-image

Pogne de Romans ^

   3.49
   €
   400 g | 1 kg = 8.73 €
     * A partir du 09.10.

Thé ou infusion aromatisé ^

   3.69
   €
   60/80/110 g | 1 kg = 61.50 €
     * A partir du 09.10.

Sablés apéritif ^

   1.79
   €
   120 g | 1 kg = 14.92 €
     * A partir du 09.10.

Saucisson sec au bleu d’Auvergne ^

   2.89
   €
   250 g | 1 kg = 11.56 €
     * A partir du 09.10.

Jambon d’auvergne IGP ^

   1.99
   €
   100 g | 1 kg = 19.90 €
     * A partir du 09.10.
     * ribbon-image

Tartiflette au Reblochon de Savoie ^

   4.99
   €
   600 g | 1 kg = 8.32 €
     * A partir du 09.10.
     * ribbon-image

Gâteau moelleux du Limousin ^

   2.49
   €
   320 g | 1 kg = 7.78 €
     * A partir du 09.10.

Barre de nougat de Montélimar ^

   2.49
   €
   200 g | 1 kg = 12.45 €
     * A partir du 09.10.

Fleur de sel de l’île de Ré ^

   2.29
   €
   125 g | 1 kg = 18.32 €
     * A partir du 09.10.

3 terrines ^

   2.49
   €
   3 x 180 g g | 1 kg = 4.61 €
     * A partir du 09.10.

Andouille de Bretagne ^

   2.39
   €
   300 g | 1 kg = 7.97 €
     * A partir du 09.10.
     * ribbon-image

Tripes à la mode de Caen ^

   3.29
   €
   600 g | 1 kg = 5.48 €
     * A partir du 09.10.

Mogettes de Vendée IGP ^

   1.99
   €
   530 g (PNE) | 1 kg = 3.75 €
     * A partir du 09.10.
     * ribbon-image

Tarte pommes de terre et camembert ^

   1.99
   €
   350 g | 1 kg = 5.69 €
     * A partir du 09.10.
     * ribbon-image

Gâteau Breton saveur framboise ^

   2.55
   €
   400 g | 1 kg = 6.38 €
     * A partir du 09.10.

Galettes bretonnes de Pont-Aven ^

   2.19
   €
   130 g | 1 kg = 16.85 €
     * A partir du 09.10.

Berlingots Nantais ^

   1.79
   €
   150 g | 1 kg = 11.93 €
     * A partir du 09.10.

Pur jus de pomme de Bretagne ^

   1.69
   €
   La bouteille de 1 L
     * A partir du 09.10.

Pommeau de Normandie AOC ^

   6.59
   €
   70 cl | 1 L = 9.41 €
     * A partir du 09.10.

Confiture au lait de Normandie ^

   1.99
   €
   320 g | 1 kg = 6.22 €
     * A partir du 09.10.

Fine Calvados ^

   14.29
   €
   70 cl | 1 L = 20.41 €
     * A partir du 09.10.

Anjou Domaine de Gagnebert 2017 AOC** ou Saumur 2018 AOP ^

   4.49
   €
   75 cl | 1 L = 5.99 €
     * A partir du 09.10.

Boules coco ^

   1.99
   €
   200 g | 1 kg = 9.95 €
     * A partir du 09.10.

Jus frais tropical ^

   1.69
   €
   La bouteille de 1 L
     * A partir du 09.10.
     * ribbon-image

Feuilleté saumon épinards ^

   3.99
   €
   500 g | 1 kg = 7.98 €
     * A partir du 09.10.
     * ribbon-image

Nectar de pêche de vigne zéro gaspi ^

   1.99
   €
   75 cl | 1 L = 2.65 €
     * A partir du 09.10.

3 Rocamadour AOP ^

   2.19
   €
   105 g | 1 kg = 20.86 €
     * A partir du 09.10.
     * ribbon-image

Gardianne de taureau au vin des Costières ^

   4.59
   €
   585 g | 1 kg = 7.85 €
     * A partir du 09.10.

Garbure au jambon de pays aux 6 légumes ^

   3.29
   €
   760 g | 1 kg = 4.33 €
     * A partir du 09.10.

Poulet basquaise ^

   3.99
   €
   760 g | 1 kg = 5.25 €
     * A partir du 09.10.

Parmentier de canard ^

   4.99
   €
   750 g | 1 kg = 6.65 €
     * A partir du 09.10.
     * ribbon-image

Brandade de morue de Nîmes ^

   1.99
   €
   190 g | 1 kg = 10.47 €
     * A partir du 09.10.

Cake Océane ^

   2.99
   €
   260 g | 1 kg = 11.50 €
     * A partir du 09.10.
     * ribbon-image

Coq au vin de Bergerac ^

   3.99
   €
   760 g | 1 kg = 5.25 €
     * A partir du 09.10.

Pastis Landais ^

   2.99
   €
   450 g | 1 kg = 6.64 €
     * A partir du 09.10.

Croustade des Pyrénées aux pruneaux ^

   2.99
   €
   350 g | 1 kg = 8.54 €
     * A partir du 09.10.

6 canelés de Bordeaux ^

   1.99
   €
   360 g | 1 kg = 5.53 €
     * A partir du 09.10.
     * ribbon-image

Crème glacée ^

   2.49
   €
   280 g | 1 kg = 8.89 €
     * ribbon-image

Miel de Languedoc-Roussillon ^

   3.99
   €
   375 g | 1 kg = 10.64 €
     * A partir du 09.10.

Samoussas poulet curry-coco ^

   2.29
   €
   230 g | 1 kg = 9.96 €
     * A partir du 09.10.
     * ribbon-image

Kouign Amann ^

   4.45
   €
   400 g | 1 kg = 11.13 €
     * A partir du 09.10.

     * Satisfait ou remboursé
     * Pain chaque jour
     * Nos engagements

   Choisir votre langage
     * fr: fr

   Ne manquez plus nos offres !
   Entrez votre adresse mail ____________________ (BUTTON) Inscrivez-vous
   pour recevoir les newsletter et les offres
     * Plan du site
          + Nos offres
          + Marché
          + Recettes
          + Le Blog
          + Bébé
          + Lidl 30 ans
          + Jeux
          + Astérix
          + Voyages
          + Boutique Vins
          + Les producteurs
     * Application Mobile
          +
          +
     * Légal
          + Protection des données
          + Informations sur les cookies
          + Mentions légales
     * Contactez-nous
       Tél : 0800 900 343
       Nous contacter
       Du lundi au samedi de 8h30 à 19h30
       Service et appel gratuits
     * Supermarchés près de chez vous
       Utiliser ma location Trouver votre supermarché
       Supermarchés près de chez vous ____________________ (BUTTON)

     * Navigation de la compagnie
          + Nos engagements
          + Emplois
          + Immobilier
          + Facture en ligne
          + Découvrir Lidl
          + Informations Clients
          + Aide et Service
     *
          +
          +
          +

   (BUTTON) Revenir en haut de la page
