   IFRAME: //www.googletagmanager.com/ns.html?id=GTM-WLRN96

   Livraison de surgelés à domicile Picard

Posez votre question*Champs obligatoires

   Vous souhaitez obtenir un renseignement, un complément d'information
   Écrivez-nous tout de suite et nous vous répondons dans les meilleurs
   délais.

   Objet :*
     * Choisir
     * Programme Picard et Moi
     * Demande de catalogue
     * Gestion de compte société
     * Livrez-vous ma localité ?
     * Question sur l'application mobile
     * Question sur le site WEB
     * Réclamation produit
          + - Livraison à domicile
          + - Magasin
     * Réclamation commerciale
          + - Livraison à domicile
          + - Magasin
     * Renseignement magasin
     * Renseignement produit
     * Suivi de commande et livraison
     * Divers
          + - Livraison à domicile
          + - Magasin

   Veuillez sélectionner l'objet de votre demande dans la liste déroulante

   Civilité :* [Monsieur]

   Nom :* ____________________
   Prénom :* ____________________

   E-mail :* ____________________

   Adresse :* ____________________

   Ville :* ____________________

   Code postal :* ____________________

   Magasin :* ____________________

   Code article :* ____________________

   Libellé article :* ____________________

   Société :* ____________________

   Contact :* ____________________

   Numéro de commande :* ____________________

   Numéro de lot :* ____________________

   Question :*
   ____________________________________________________________
   ____________________________________________________________
   ____________________________________________________________
   ____________________________________________________________

   Champ libre :*
   ____________________________________________________________
   ____________________________________________________________
   ____________________________________________________________
   ____________________________________________________________

   (send) Envoyer
   Votre demande a bien été envoyée

   Vos données à caractère personnel font l’objet d’un traitement mis en
   œuvre par la société PICARD SURGELES selon les modalités définies dans
   notre politique de données personnelles. Elles sont traitées sur la
   base de votre consentement afin de répondre à vos questions.

   Seuls ont accès aux données, dans la limite de leurs attributions
   respectives, (i) les services de la société PICARD SURGELES et (ii) les
   prestataires habilités à traiter vos données uniquement pour le compte
   de la société PICARD SURGELES.

   Les données à fournir de manière obligatoire sont indiquées comme
   telles sur le formulaire. Sans ces données, notre société ne sera pas
   en mesure de satisfaire votre demande.

   Conformément à la loi Informatique et libertés du 6 janvier 1978
   modifiée et au règlement européen général sur la protection des données
   à caractère personnel (UE) 2016/679 du 27 avril 2016, vous disposez
   d’un droit d’accès et d’un droit de rectification des données vous
   concernant et, s’ils sont applicables, d’un droit de suppression, d’un
   droit d’opposition au traitement de vos données, d’un droit à
   l’effacement et à la limitation du traitement ainsi que d’un droit à la
   portabilité de vos données. Vous disposez également du droit de définir
   des directives relatives au sort de vos données après votre décès. Vous
   pouvez exercer vos droits, à tout moment, en effectuant une demande
   écrite accompagnée d’un justificatif d’identité par voie électronique à
   l’adresse cnil@picard.fr ou par courrier postal adressé au Service
   Information Consommateur CS 30038 77797 Nemours. A tout moment vous
   pouvez gérer vos abonnements aux services proposés dans la rubrique
   « Mon Compte » sur picard.fr et dans l’application mobile. Vous
   disposez enfin du droit d’introduire une réclamation auprès de la
   Commission nationale de l’informatique et des libertés (Cnil).
   Vos données sont conservées pendant une durée de trois ans à compter de
   leur collecte ou du dernier contact. Les données permettant d'établir
   la preuve d'un droit ou d'un contrat, ou conservées au titre du respect
   d'une obligation légale sont archivées conformément aux dispositions en
   vigueur.




   Lorsque vous naviguez sur notre site internet, des informations sont
   susceptibles d'être enregistrées, ou lues, dans votre terminal, sous
   réserve de vos choix.

   Acceptez-vous le dépôt et la lecture de cookies afin que nous et nos
   partenaires puissions analyser vos centres d'intérêts pour vous
   proposer des publicités personnalisées ?* ( ) Oui ( ) Non

   Acceptez-vous le dépôt et la lecture de cookies afin que nous et nos
   partenaires puissions analyser vos centres d'intérêts pour vous
   proposer des publicités personnalisées ?* ( ) Oui ( ) Non

   Acceptez-vous le dépôt et/ou la lecture de cookies pour vous permettre
   de partager des contenus de notre site avec d'autres personnes ou de
   faire connaître à ces autres personnes votre consultation ou votre
   opinion  (boutons "J'aime" de Facebook par exemple) :* (*) Oui ( ) Non


   Livraison de surgelés à domicile Picard

   Livraison à domicile du Lundi au Samedi de 7h à 21h selon localités.
     * Contactez-nous
     * Appli iPhone et Android

   Vos courses et des idées gourmandes en quelques clics

   Picard&Moi Votre programme de fidélité
   Mon compte
   Rechercher un produi Submit

     *
     * Produits
     * Idées à cuisiner
     * Qualité & savoir-faire
     * Magasins
     * Mon compte
     *
     *
     *

   Vous n'avez pas sélectionné de produit Besoin d'aide ?
   Vous n'avez pas sélectionné de produit Besoin d'aide ?
     *
     *

     * Les rayons
     * Tout afficher

     * En cuisine
     *   Les légumes
     *   Les fruits
     *   Les viandes & volailles
     *   Les poissons & crustacés
     *   Les indispensables du cuisinier

     * À table !
     *   Les apéritifs
     *   Les entrées, tartes et salades
     *   Les plats cuisinés
     *   Cuisine évasion
     *   Les pains & viennoiseries
     *   Les pâtisseries
     *   Les glaces & sorbets
     *   L'épicerie

     * Des assiettes à part
     *   Les jours trop bons
     *   C'est nouveau
     *   Prix réduits
     *   Soupes et potages
     *   Tout à moins de 3 €
     *   Le bio & produits labellisés
     *   Les régimes alimentaires

   Nouveau Tout afficher

   Roulés à la ricotta et aux épinards,... barquette de 300 g 11.66 €/kg
   Roulés à la ricotta et aux épinards, sauce tomate
   2.62 €
   Ajouter à ma liste
   [Choisir une liste]
   Fermer
   ____________________ [BUTTON Input] (not implemented)__
   Fermer
   (Ajouter au panier) Ajouter au panier
   Qté ____________________ Plus Moins
   Prix réduits Tout afficher

   Blueberries, Chili le sachet de 450 g 7.77 €/kg
   Blueberries, Chili
   3.50 € 3.95 €
   Ajouter à ma liste
   [Choisir une liste]
   Fermer
   ____________________ [BUTTON Input] (not implemented)__
   Fermer
   (Ajouter au panier) Ajouter au panier
   Qté ____________________ Plus Moins
   Fermer
   Découvrez les recettes, les suggestions et les menus pour trouver des
   idées pour chaque plat.
   Idées à cuisiner Tout afficher
     * Les recettes
     * Toutes les recettes

   Les apéritifs Les apéritifs
   Les entrées Les entrées
   Les plats Les plats
   Les desserts Les desserts
     * Les suggestions

   La recette du mois
   La recette du mois

   Velouté de fèves à la menthe
   Découvrir
   L’inspiration Minute
   Fermer
   Les actualités Tout afficher

   La mirabelle de Lorraine : Cette petite prune ronde à la robe jaune
   intense arrive à maturité à la fin de l’été. Aussi délicieuse cuite
   q...
   Lire la suite
   La mirabelle de Lorraine

   La RSE chez Picard : bilan de notre engagement : Picard, un acteur
   engagé en matière de Responsabilité sociale et environnementale....
   Lire la suite
   La RSE chez Picard : bilan de notre engagement
   Picard vous répond
   Qualité et savoir-faire

   Qualité & Savoir-Faire

   Découvrez tous les sujets qui
   nourrissent l'alimentation,
   et nos réponses : petits secrets et grandes vérités au menu.
   Parcourir
     * Tendance et Innovation
       Tendance et Innovation
     * Santé et Nutrition
       Santé et Nutrition
     * Conservation et Cuisson
       Conservation et Cuisson
     * Nos Partenaires
       Nos Partenaires
     * Les webdocs Les webdocs

   Fermer
     * Mon compte
     * Fermer

     * accéder à mon compte
     * Mes paramètres
          + Mes informations personnelles
          + Mes abonnements
          + Mes adresses
          + Mes magasins Picard
          + Mes préférences
     * Mes commandes
          + Consulter mes commandes
     * Mes Favoris
          + Mes recettes
          + Mes listes de courses
          + Mes critères de recherche

   Se déconnecter
   Accueil    /
   Tous les rayons    /
   Tout à moins de 3 €
   Tout à moins de 3 € surgelé
     * Tout à moins de 3 €
     * Changer de rayon
          +  C'est nouveau
          +  Prix réduits
          +  Les légumes
          +  Les fruits
          +  Les viandes & volailles
          +  Les poissons & crustacés
          +  Les indispensables du cuisinier
          +  Les apéritifs
          +  Les entrées, tartes et salades
          +  Les plats cuisinés
          +  Cuisine évasion
          +  Les pains & viennoiseries
          +  Les pâtisseries
          +  Les glaces & sorbets
          +  L'épicerie
          +  Les jours trop bons
          +  Soupes et potages
          +  Tout à moins de 3 €
          +  Le bio & produits labellisés
          +  Les régimes alimentaires

Tout à moins de 3 €

   Découvrez plus de 400 produits à moins de 3 €, pour que chaque repas
   pris en famille, en solo, au saut du lit ou encore entre amis, soit un
   moment savoureux et équilibré. Fidèle à ses engagements, Picard vous
   propose un vaste choix de goûts et de saveurs pour varier les plaisirs
   tout au long de l'année.
   Trouver un produit Tomate, carpaccio, v Submit
   Recherche affinée Utilisez les critères pour trouver le produit de vos
   envies.
   [Mes critèress]
     * Afficher tous les produits
     * Afficher les suggestions du mois

   En cuisine
     * Les légumes
     * Les viandes et volailles
     * Les poissons
     * Les fruits
     * Les indispensables du cuisinier

   A table !
     * Les apéritifs
     * Les entrées et tartes
     * Les plats cuisinés
     * La cuisine évasion
     * Les pains et viennoiseries
     * Les pâtisseries
     * Les glaces et sorbets
     * L'épicerie

   451 produits
     * 1
     * 2
     * 3
     * 4
     * 5
     * >>

     *
     *

   Afficher [50_] par page

   Trier par [Pertinence_________]

   -5% supp avec la carte Epinards hachés, France le sachet de 1 kg 1.20
   €/kg
   Epinards hachés, France
   Ajouter à ma liste
   [Choisir une liste]
   Fermer
   ____________________ [BUTTON Input] (not implemented)__
   Fermer
   (Ajouter au panier) Ajouter au panier
   Qté ____________________ Plus Moins
   ª  1.20 € 1.40€
   Sorbet poire le bac de 650 g 4.53 €/kg
   Sorbet poire
   Ajouter à ma liste
   [Choisir une liste]
   Fermer
   ____________________ [BUTTON Input] (not implemented)__
   Fermer
   (Ajouter au panier) Ajouter au panier
   Qté ____________________ Plus Moins
   ª  2.95 €
   Poireaux émincés bio, France ou Belgique le sachet de 600 g 4.83 €/kg
   Poireaux émincés bio, France ou Belgique
   Ajouter à ma liste
   [Choisir une liste]
   Fermer
   ____________________ [BUTTON Input] (not implemented)__
   Fermer
   (Ajouter au panier) Ajouter au panier
   Qté ____________________ Plus Moins
   ª  2.90 €
   4 bâtonnets vanille-macadamia la boîte de 280 g 8.92 €/kg
   4 bâtonnets vanille-macadamia
   Ajouter à ma liste
   [Choisir une liste]
   Fermer
   ____________________ [BUTTON Input] (not implemented)__
   Fermer
   (Ajouter au panier) Ajouter au panier
   Qté ____________________ Plus Moins
   ª  2.50 €
   6 petits pains multigraines le sachet de 240 g 7.50 €/kg
   6 petits pains multigraines
   Ajouter à ma liste
   [Choisir une liste]
   Fermer
   ____________________ [BUTTON Input] (not implemented)__
   Fermer
   (Ajouter au panier) Ajouter au panier
   Qté ____________________ Plus Moins
   ª  1.80 €
   Tapenade aux olives noires le pot de 110 g 23.63 €/kg
   Tapenade aux olives noires
   Ajouter à ma liste
   [Choisir une liste]
   Fermer
   ____________________ [BUTTON Input] (not implemented)__
   Fermer
   Uniquement disponible en magasin
   Qté ____________________ Plus Moins
   ª  2.60 €
   Marmelade orange amère le pot de 315 g 8.88 €/kg
   Marmelade orange amère
   Ajouter à ma liste
   [Choisir une liste]
   Fermer
   ____________________ [BUTTON Input] (not implemented)__
   Fermer
   Uniquement disponible en magasin
   Qté ____________________ Plus Moins
   ª  2.80 €
   Pain complet tranché le sachet de 450 g 4.88 €/kg
   Pain complet tranché
   Ajouter à ma liste
   [Choisir une liste]
   Fermer
   ____________________ [BUTTON Input] (not implemented)__
   Fermer
   (Ajouter au panier) Ajouter au panier
   Qté ____________________ Plus Moins
   ª  2.20 €
   C'est nouveau Purée de pomme de terre, légumes verts,... la boîte de
   450 g 6.22 €/kg
   [icon_nouveaute.png]
   Purée de pomme de terre, légumes verts, emmental
   Ajouter à ma liste
   [Choisir une liste]
   Fermer
   ____________________ [BUTTON Input] (not implemented)__
   Fermer
   (Ajouter au panier) Ajouter au panier
   Qté ____________________ Plus Moins
   ª  2.80 €
   Lasagnes à la bolognaise barquette de 400 g 6.25 €/kg
   Lasagnes à la bolognaise
   Ajouter à ma liste
   [Choisir une liste]
   Fermer
   ____________________ [BUTTON Input] (not implemented)__
   Fermer
   (Ajouter au panier) Ajouter au panier
   Qté ____________________ Plus Moins
   ª  2.50 €
   6 Snickers la boîte de 288 g 10.38 €/kg
   6 Snickers
   Ajouter à ma liste
   [Choisir une liste]
   Fermer
   ____________________ [BUTTON Input] (not implemented)__
   Fermer
   (Ajouter au panier) Ajouter au panier
   Qté ____________________ Plus Moins
   ª  2.99 €
   Embeurrée de chou la boîte de 450 g 5.55 €/kg
   Embeurrée de chou
   Ajouter à ma liste
   [Choisir une liste]
   Fermer
   ____________________ [BUTTON Input] (not implemented)__
   Fermer
   (Ajouter au panier) Ajouter au panier
   Qté ____________________ Plus Moins
   ª  2.50 €
   Sorbet fraise le pot de 110 g 18.18 €/kg
   Sorbet fraise
   Ajouter à ma liste
   [Choisir une liste]
   Fermer
   ____________________ [BUTTON Input] (not implemented)__
   Fermer
   (Ajouter au panier) Ajouter au panier
   Qté ____________________ Plus Moins
   ª  2.00 €
   Billes de bretzel le sachet de 100 g 14.00 €/kg
   Billes de bretzel
   Ajouter à ma liste
   [Choisir une liste]
   Fermer
   ____________________ [BUTTON Input] (not implemented)__
   Fermer
   Uniquement disponible en magasin
   Qté ____________________ Plus Moins
   ª  1.40 €
   Velouté fèves épinard cuisiné l'huile... le sachet de 600 g 4.91 €/kg
   Velouté fèves épinard cuisiné l'huile olive (5,8%)
   Ajouter à ma liste
   [Choisir une liste]
   Fermer
   ____________________ [BUTTON Input] (not implemented)__
   Fermer
   (Ajouter au panier) Ajouter au panier
   Qté ____________________ Plus Moins
   ª  2.95 €
   Blondie, 1 part la boîte de 80 g 25.00 €/kg
   Blondie, 1 part
   Ajouter à ma liste
   [Choisir une liste]
   Fermer
   ____________________ [BUTTON Input] (not implemented)__
   Fermer
   (Ajouter au panier) Ajouter au panier
   Qté ____________________ Plus Moins
   ª  2.00 €
   Chou vert en feuilles, Espagne le sachet de 600 g 3.25 €/kg
   Chou vert en feuilles, Espagne
   Ajouter à ma liste
   [Choisir une liste]
   Fermer
   ____________________ [BUTTON Input] (not implemented)__
   Fermer
   (Ajouter au panier) Ajouter au panier
   Qté ____________________ Plus Moins
   ª  1.95 €
   Coriandre coupée la boîte de 50 g 36.00 €/kg
   Coriandre coupée
   Ajouter à ma liste
   [Choisir une liste]
   Fermer
   ____________________ [BUTTON Input] (not implemented)__
   Fermer
   (Ajouter au panier) Ajouter au panier
   Qté ____________________ Plus Moins
   ª  1.80 €
   -25% de remise Pizza wrap à la mozzarella et au jambon... la boîte de
   150 g 16.66 €/kg
   Pizza wrap à la mozzarella et au jambon cuit
   Ajouter à ma liste
   [Choisir une liste]
   Fermer
   ____________________ [BUTTON Input] (not implemented)__
   Fermer
   (Ajouter au panier) Ajouter au panier
   Qté ____________________ Plus Moins
   ª  1.87 € 2.50 €
   Oseille coupée, France le sachet de 450 g 4.33 €/kg
   Oseille coupée, France
   Ajouter à ma liste
   [Choisir une liste]
   Fermer
   ____________________ [BUTTON Input] (not implemented)__
   Fermer
   (Ajouter au panier) Ajouter au panier
   Qté ____________________ Plus Moins
   ª  1.95 €
   Poulet sauce teriyaki et riz au sésame barquette de 400 g 6.25 €/kg
   Poulet sauce teriyaki et riz au sésame
   Ajouter à ma liste
   [Choisir une liste]
   Fermer
   ____________________ [BUTTON Input] (not implemented)__
   Fermer
   (Ajouter au panier) Ajouter au panier
   Qté ____________________ Plus Moins
   ª  2.50 €
   6 Mars la boîte de 250 g 11.96 €/kg
   6 Mars
   Ajouter à ma liste
   [Choisir une liste]
   Fermer
   ____________________ [BUTTON Input] (not implemented)__
   Fermer
   (Ajouter au panier) Ajouter au panier
   Qté ____________________ Plus Moins
   ª  2.99 €
   Inédites au romarin, pommes de terre,... le sachet de 500 g 5.40 €/kg
   Inédites au romarin, pommes de terre, France
   Ajouter à ma liste
   [Choisir une liste]
   Fermer
   ____________________ [BUTTON Input] (not implemented)__
   Fermer
   (Ajouter au panier) Ajouter au panier
   Qté ____________________ Plus Moins
   ª  2.70 €
   Entremets framboise vanille, 1 part la boîte de 75 g 37.33 €/kg
   Entremets framboise vanille, 1 part
   Ajouter à ma liste
   [Choisir une liste]
   Fermer
   ____________________ [BUTTON Input] (not implemented)__
   Fermer
   (Ajouter au panier) Ajouter au panier
   Qté ____________________ Plus Moins
   ª  2.80 €
   Tartelette framboise, 1 part la boîte de 80 g 25.00 €/kg
   Tartelette framboise, 1 part
   Ajouter à ma liste
   [Choisir une liste]
   Fermer
   ____________________ [BUTTON Input] (not implemented)__
   Fermer
   (Ajouter au panier) Ajouter au panier
   Qté ____________________ Plus Moins
   ª  2.00 €
   Bol vapeur brocolis, carottes, haricots... le bol de 250 g 7.00 €/kg
   Bol vapeur brocolis, carottes, haricots verts bio
   Ajouter à ma liste
   [Choisir une liste]
   Fermer
   ____________________ [BUTTON Input] (not implemented)__
   Fermer
   (Ajouter au panier) Ajouter au panier
   Qté ____________________ Plus Moins
   ª  1.75 €
   Soupe au pistou le bol de 400 g 6.25 €/kg
   Soupe au pistou
   Ajouter à ma liste
   [Choisir une liste]
   Fermer
   ____________________ [BUTTON Input] (not implemented)__
   Fermer
   (Ajouter au panier) Ajouter au panier
   Qté ____________________ Plus Moins
   ª  2.50 €
   Wedges à four le sachet de 1 kg 1.95 €/kg
   Wedges à four
   Ajouter à ma liste
   [Choisir une liste]
   Fermer
   ____________________ [BUTTON Input] (not implemented)__
   Fermer
   (Ajouter au panier) Ajouter au panier
   Qté ____________________ Plus Moins
   ª  1.95 €
   2 petites baguettes céréales, précuites le sachet de 260 g 5.00 €/kg
   2 petites baguettes céréales, précuites
   Ajouter à ma liste
   [Choisir une liste]
   Fermer
   ____________________ [BUTTON Input] (not implemented)__
   Fermer
   (Ajouter au panier) Ajouter au panier
   Qté ____________________ Plus Moins
   ª  1.30 €
   Potage courge butternut, patate douce,... le sachet de 1 kg 2.80 €/kg
   Potage courge butternut, patate douce, carotte
   Ajouter à ma liste
   [Choisir une liste]
   Fermer
   ____________________ [BUTTON Input] (not implemented)__
   Fermer
   (Ajouter au panier) Ajouter au panier
   Qté ____________________ Plus Moins
   ª  2.80 €
   Glace Amarena à l'italienne le bac de 200 g 9.00 €/kg
   Glace Amarena à l'italienne
   Ajouter à ma liste
   [Choisir une liste]
   Fermer
   ____________________ [BUTTON Input] (not implemented)__
   Fermer
   (Ajouter au panier) Ajouter au panier
   Qté ____________________ Plus Moins
   ª  1.80 €
   15 bâtonnets de colin d'Alaska MSC,... la boîte de 450 g 6.44 €/kg
   15 bâtonnets de colin d'Alaska MSC, pré-frits
   Ajouter à ma liste
   [Choisir une liste]
   Fermer
   ____________________ [BUTTON Input] (not implemented)__
   Fermer
   (Ajouter au panier) Ajouter au panier
   Qté ____________________ Plus Moins
   ª  2.90 €
   Brunoise à la méridionale le sachet de 450 g 4.00 €/kg
   Brunoise à la méridionale
   Ajouter à ma liste
   [Choisir une liste]
   Fermer
   ____________________ [BUTTON Input] (not implemented)__
   Fermer
   (Ajouter au panier) Ajouter au panier
   Qté ____________________ Plus Moins
   ª  1.80 €
   Légumes pour wok le sachet de 600 g 3.66 €/kg
   Légumes pour wok
   Ajouter à ma liste
   [Choisir une liste]
   Fermer
   ____________________ [BUTTON Input] (not implemented)__
   Fermer
   (Ajouter au panier) Ajouter au panier
   Qté ____________________ Plus Moins
   ª  2.20 €
   Poêlée de légumes grillés courgette,... le sachet de 600 g 4.83 €/kg
   Poêlée de légumes grillés courgette, aubergine
   Ajouter à ma liste
   [Choisir une liste]
   Fermer
   ____________________ [BUTTON Input] (not implemented)__
   Fermer
   (Ajouter au panier) Ajouter au panier
   Qté ____________________ Plus Moins
   ª  2.90 €
   6 perles de coco la boîte de 180 g 16.61 €/kg
   6 perles de coco
   Ajouter à ma liste
   [Choisir une liste]
   Fermer
   ____________________ [BUTTON Input] (not implemented)__
   Fermer
   (Ajouter au panier) Ajouter au panier
   Qté ____________________ Plus Moins
   ª  2.99 €
   Gratin dauphinois la boîte de 450 g 5.77 €/kg
   Gratin dauphinois
   Ajouter à ma liste
   [Choisir une liste]
   Fermer
   ____________________ [BUTTON Input] (not implemented)__
   Fermer
   (Ajouter au panier) Ajouter au panier
   Qté ____________________ Plus Moins
   ª  2.60 €
   Flageolets verts fins, France le sachet de 600 g 3.25 €/kg
   Flageolets verts fins, France
   Ajouter à ma liste
   [Choisir une liste]
   Fermer
   ____________________ [BUTTON Input] (not implemented)__
   Fermer
   (Ajouter au panier) Ajouter au panier
   Qté ____________________ Plus Moins
   ª  1.95 €
   Hachis parmentier la boîte de 400 g 7.12 €/kg
   Hachis parmentier
   Ajouter à ma liste
   [Choisir une liste]
   Fermer
   ____________________ [BUTTON Input] (not implemented)__
   Fermer
   (Ajouter au panier) Ajouter au panier
   Qté ____________________ Plus Moins
   ª  2.85 €
   2 tartes aux fromages la boîte de 360 g 8.19 €/kg
   2 tartes aux fromages
   Ajouter à ma liste
   [Choisir une liste]
   Fermer
   ____________________ [BUTTON Input] (not implemented)__
   Fermer
   (Ajouter au panier) Ajouter au panier
   Qté ____________________ Plus Moins
   ª  2.95 €
   Chips sel et poivre le sachet de 150 g 14.66 €/kg
   Chips sel et poivre
   Ajouter à ma liste
   [Choisir une liste]
   Fermer
   ____________________ [BUTTON Input] (not implemented)__
   Fermer
   Uniquement disponible en magasin
   Qté ____________________ Plus Moins
   ª  2.20 €
   Fagottini à la ricotta et aux épinards barquette de 250 g 11.80 €/kg
   Fagottini à la ricotta et aux épinards
   Ajouter à ma liste
   [Choisir une liste]
   Fermer
   ____________________ [BUTTON Input] (not implemented)__
   Fermer
   (Ajouter au panier) Ajouter au panier
   Qté ____________________ Plus Moins
   ª  2.95 €
   Pommes rissolées XL en cubes le sachet de 1 kg 1.80 €/kg
   Pommes rissolées XL en cubes
   Ajouter à ma liste
   [Choisir une liste]
   Fermer
   ____________________ [BUTTON Input] (not implemented)__
   Fermer
   (Ajouter au panier) Ajouter au panier
   Qté ____________________ Plus Moins
   ª  1.80 €
   Crème glacée café le bac de 550 g 5.36 €/kg
   Crème glacée café
   Ajouter à ma liste
   [Choisir une liste]
   Fermer
   ____________________ [BUTTON Input] (not implemented)__
   Fermer
   (Ajouter au panier) Ajouter au panier
   Qté ____________________ Plus Moins
   ª  2.95 €
   Chips de manioc à la crevette la boîte de 50 g 19.00 €/kg
   Chips de manioc à la crevette
   Ajouter à ma liste
   [Choisir une liste]
   Fermer
   ____________________ [BUTTON Input] (not implemented)__
   Fermer
   Uniquement disponible en magasin
   Qté ____________________ Plus Moins
   ª  0.95 €
   Tarte fine jambon tomates cerise la boîte de 295 g 10.00 €/kg
   Tarte fine jambon tomates cerise
   Ajouter à ma liste
   [Choisir une liste]
   Fermer
   ____________________ [BUTTON Input] (not implemented)__
   Fermer
   (Ajouter au panier) Ajouter au panier
   Qté ____________________ Plus Moins
   ª  2.95 €
   2 flammekueche la boîte de 240 g 10.41 €/kg
   2 flammekueche
   Ajouter à ma liste
   [Choisir une liste]
   Fermer
   ____________________ [BUTTON Input] (not implemented)__
   Fermer
   (Ajouter au panier) Ajouter au panier
   Qté ____________________ Plus Moins
   ª  2.50 €
   Petits oignons blancs entiers, épluchés le sachet de 450 g 4.00 €/kg
   Petits oignons blancs entiers, épluchés
   Ajouter à ma liste
   [Choisir une liste]
   Fermer
   ____________________ [BUTTON Input] (not implemented)__
   Fermer
   (Ajouter au panier) Ajouter au panier
   Qté ____________________ Plus Moins
   ª  1.80 €
   Sauce à la thaïlandaise curry coco le sachet de 200 g 12.00 €/kg
   Sauce à la thaïlandaise curry coco
   Ajouter à ma liste
   [Choisir une liste]
   Fermer
   ____________________ [BUTTON Input] (not implemented)__
   Fermer
   (Ajouter au panier) Ajouter au panier
   Qté ____________________ Plus Moins
   ª  2.40 €
   Gingembre coupé la boîte de 75 g 26.00 €/kg
   Gingembre coupé
   Ajouter à ma liste
   [Choisir une liste]
   Fermer
   ____________________ [BUTTON Input] (not implemented)__
   Fermer
   (Ajouter au panier) Ajouter au panier
   Qté ____________________ Plus Moins
   ª  1.95 €
   Haut de page
     * 1
     * 2
     * 3
     * 4
     * 5
     * >>

     *
     *

   Afficher [50_] par page

   Trier par [Pertinence_________]

   Clicking moves Picard vous répond

   “ Je viens de regarder un reportage TV qui concernait les "acides gras
   trans", c'est-à-dire hydrogénés... ”
   Lire la suite

   “ Pourriez-vous me confirmer que les informations nutritionnelles
   mentionnées sur vos emballages s’ent... ”
   Lire la suite

   “ Colin d’Alaska, colin lieu, quelles sont les différences ? ”
   Lire la suite

   “ A quoi correspondent exactement les pourcentages des « AJR » qui sont
   indiqués dans certains tableau... ”
   Lire la suite

   “ Picard propose de nombreux plats exotiques. Leur fabrication est-elle
   effectuée en France ? Certains... ”
   Lire la suite

   “ Quelle est la différence entre les mentions "production française" et
   "produit élaboré en France" ”
   Lire la suite

   “ L’emballage des produits BIO comporte 2 types d'informations sur
   l'origine avec une mention « Agric... ”
   Lire la suite

   “ Trouve-t-on des ajouts de conservateurs tels que les sulfites dans
   vos produits ? ”
   Lire la suite

   “ Je trouve le prix de vos filets de sole mer du Nord très élevé en
   comparaison avec les soles fraîche... ”
   Lire la suite

   “ Après cuisson des lobes de foie gras, je constate quelquefois une
   proportion de graisse importante. ... ”
   Lire la suite

   “ Pourquoi y a-t-il de la gélatine de porc dans certains de vos
   desserts glacés ? Est-ce vraiment néce... ”
   Lire la suite

   “ J’aimerais avoir la liste des herbes et aromates qui sont irradiés,
   car sur aucun de vos emballages ... ”
   Lire la suite

   “ Comment puis-je distinguer les poissons d'élevage des poissons
   sauvages parmi les espèces disponible... ”
   Lire la suite

   “ J'ai découvert récemment un nouveau logo pour la viande bovine
   Française. A quoi correspond ce logo ... ”
   Lire la suite

   “ Pourquoi certaines langoustines ont-elles des têtes vertes ? ”
   Lire la suite

   “ Pourquoi vos noix de Saint-Jacques ont-elles quelquefois très peu de
   corail ? Cela nuit à la présent... ”
   Lire la suite

   “ Comment puis-je m’assurer que le thon de couleur rouge que vous
   commercialisez en découpes ou dans l... ”
   Lire la suite

   “ Pourquoi ne trouve-t-on pas de « gambas » dans votre gamme ? Quelle
   est la différence avec des creve... ”
   Lire la suite

   “ Pourquoi ajoutez-vous du sucre dans certains de vos plats cuisinés ?
   Lorsque l'on souhaite réduire s... ”
   Lire la suite

   “ Je consomme beaucoup de légumes surgelés et j’aimerais m’assurer que
   les emballages ne renferment pa... ”
   Lire la suite

   “ Importez-vous des produits du Japon et quelles sont les conséquences
   sanitaires suite à l’incident d... ”
   Lire la suite

   “ J’ai entendu dire que Picard éditait un catalogue en braille pour les
   non-voyants. Qu’en est-il et o... ”
   Lire la suite

   “ Depuis quelques mois vous me livrez à domicile et j’aimerais savoir
   quelle est la quantité maximale ... ”
   Lire la suite

   “ Est-il possible de laver la glacière en coton équitable en machine à
   laver ? ”
   Lire la suite

   “ Je souhaiterais savoir si la teneur en pesticides des fruits et
   légumes que vous vendez est systémat... ”
   Lire la suite

   “ Pouvez-vous me confirmer que des poissons conservés plusieurs mois à
   l’état surgelé ne perdent pas l... ”
   Lire la suite

   “ Pouvez-vous me préciser ce que garantit le « LABEL ROUGE » sur vos
   brochettes de crevettes ? ”
   Lire la suite

   “ Plusieurs distributeurs ont pris la décision de ne plus
   commercialiser certaines espèces de poissons... ”
   Lire la suite

   “ Les mini-brochettes de poulet au miel et au thym sont excellentes,
   mais, surprise quand je découvre ... ”
   Lire la suite

   “ Pouvez-vous me préciser si les mono et diglycérides d’acides gras
   présents dans certains de vos prod... ”
   Lire la suite

   “ Quelle est la différence entre votre nouvelle gamme « Tout bon, tout
   veggie* » et les autres produit... ”
   Lire la suite

   “ Avez-vous des conseils pour décongeler rapidement des filets de
   poisson ? Est-il possible de les lai... ”
   Lire la suite

   “ Certains de vos produits contiennent de l'huile de palme. Quelle est
   votre politique en la matière ? ”
   Lire la suite

   “ Je souhaite savoir si vous réalisez toujours des tests ADN sur les
   viandes utilisées dans vos plats ... ”
   Lire la suite

   “ Que signifient les étoiles qui figurent à côté des dénominations de
   certaines viandes ? ”
   Lire la suite

   “ Pourquoi vos crevettes nordiques présentent souvent des œufs, alors
   que ce n'est jamais le cas pour ... ”
   Lire la suite

   “ J'achète régulièrement des biftecks hachés. J'aimerais savoir
   pourquoi il est écrit sur l'emballage ... ”
   Lire la suite

   “ Pour vos filets de poisson présentés avec peau, les valeurs
   nutritionnelles affichées sur l'emballag... ”
   Lire la suite

   “ Picard propose-t-il des produits sans gluten ? ”
   Lire la suite

   “ Je suis déçu par vos pavés de loup de mer, je ne retrouve pas les
   qualités du loup (bar) que j’ai l’... ”
   Lire la suite

   “ A l’heure du développement durable, pourquoi aller chercher des
   produits aux antipodes comme l’agnea... ”
   Lire la suite

   “ Pouvez-vous me préciser ce que signifie le logo «100% muscle» qui se
   trouve sur les emballages des s... ”
   Lire la suite

   “ Pourquoi tous vos poissons ne portent-ils pas l'écolabel MSC ? ”
   Lire la suite

   “ Pourquoi certains de vos ingrédients apparaissent en gras dans les
   listes d'ingrédients sur vos emba... ”
   Lire la suite

   “ J'ai remarqué que l'emballage des filets de colin lieu MSC, propose
   des informations sur l"origine e... ”
   Lire la suite

   “ Pourquoi avez-vous changé la recette de la quiche lorraine, qui est
   d'ailleurs plus chère qu'avant ? ”
   Lire la suite

   “ Comment savoir où sont fabriqués vos produits et d'où viennent les
   ingrédients utilisés dans les pré... ”
   Lire la suite

   “ J'ai remarqué que les sachets de julienne de légumes présentent
   souvent des blocs agglomérés et du g... ”
   Lire la suite

   “ Les légumes surgelés ont-ils des qualités nutritionnelles
   équivalentes aux légumes frais ? ”
   Lire la suite

   “ Vous vendez déjà des brochettes toutes prêtes. Avez-vous une offre si
   on souhaite les faire soi-même... ”
   Lire la suite

   “ Est-ce possible d’utiliser vos poissons pour une consommation crue,
   pour confectionner des sushis pa... ”
   Lire la suite

   “ J’aimerais en savoir plus sur vos engagements et vos actions pour le
   climat ? ”
   Lire la suite

   “ J’ai découvert récemment vos pavés de bonite à ventre rayé : vu l...
   ”
   Lire la suite

   “ J'ai remarqué un nouveau label sur vos produits de la mer, que
   signifie ASC ? ”
   Lire la suite

   “ Pourquoi l’emballage des myrtilles bio préconise-t-il de cuire les
   fruits ? N’est-il pas possible de... ”
   Lire la suite

   “ Quelle est la différence entre un produit congelé et un produit
   surgelé ? ”
   Lire la suite

   “ Où s’inscrire au programme de fidélité ? ”
   Lire la suite

   “ Comment trouver la liste d’ingrédient ou les valeurs nutritionnelles
   d’un produit ? ”
   Lire la suite

   “ Comment contacter le service consommateur ? ”
   Lire la suite

   “ Comment trouver le magasin le plus proche de chez moi ? ”
   Lire la suite

   “ Est-il possible de commander des chèques cadeaux Picard ? ”
   Lire la suite

   “ Puis-je payer en ticket restaurant mes achats ? ”
   Lire la suite

   “ Comment ajouter des produits à ma commande ? ”
   Lire la suite

   “ Mon code promo ne fonctionne pas ”
   Lire la suite

   “ Quelle est la date de validité des promotions ? ”
   Lire la suite

   “ Peut-on retirer sa commande en magasin ? ”
   Lire la suite

   “ J’aimerais des précisions sur la mention qui figure sur tous vos
   emballages «ne jamais recongeler un... ”
   Lire la suite

   “ Je suis bloqué sur ma commande, que faire ? ”
   Lire la suite

   “ Quel est le montant minimum pour se faire livrer ? ”
   Lire la suite

   “ Un décret récent impose l’indication de l’origine des viandes dans
   les produits pr&eac... ”
   Lire la suite

   “ Votre mélange de légumes pour potage est très pratique pour élaborer
   rap... ”
   Lire la suite

   “ Récemment, j’ai lu plusieurs articles concernant la dangerosité de
   l’additif dioxyde de titane : pou... ”
   Lire la suite

   “ Je trouve que certains de vos produits ont des emballages superflus,
   ce qui va à l’encontre des préo... ”
   Lire la suite

   “ J’achète régulièrement des Saint-Jacques qui viennent de pays
   éloignés (Chili, Argentine …), mais je... ”
   Lire la suite
   Clicking moves
   Clicking moves Santé & Nutrition

   “ Qui se cache réellement derrière ce que l’on appelle « légumes » ?
   Entre haricots verts, épinards, p... ”
   Lire la suite

   “ Manger cinq fruits et légumes par jour, c’est facile toute l’année.
   Mais pour profiter de leur saveu... ”
   Lire la suite

   “ Les français consomment en moyenne 10 g / jour de sel alors que les
   besoins sont évalués à 3 à 5 g /... ”
   Lire la suite

   “ Rien de tel qu’un grand bol de potage chaud pour se réchauffer et se
   réconforter. Mais saviez-vous q... ”
   Lire la suite

   “ Calorique, grasse, lourde... La pomme de terre n’a pas la vie facile
   avec toutes ces idées reçues ! ... ”
   Lire la suite

   “ Les sulfites : derrière ce nom bien étrange se cache un ingrédient
   que l’on retrouve tous les jours ... ”
   Lire la suite

   Lire la suite

   “ Depuis 35 ans, Picard engage tout son savoir-faire et son exigence
   pour garantir des produits de qua... ”
   Lire la suite

   “ Des poivrons en janvier, du concombre en novembre, c’est possible !
   Avec une gamme de 87 variétés de... ”
   Lire la suite

   “ Une noisette de beurre, un filet d’huile d’olive... Les matières
   grasses sont recommandées pour fair... ”
   Lire la suite

   “ Aujourd’hui, chaque français consomme, par an, 29 kilos de poissons,
   coquillages et crustacés. Soit ... ”
   Lire la suite

   “ « Faible teneur en sucres », « pauvre en sodium », « riche en
   minéraux », « allégé »... Les allégati... ”
   Lire la suite

   “ « Amines = nécessaires à la vie », les vitamines sont des molécules
   indispensables au bon fonctionne... ”
   Lire la suite

   Lire la suite

   “ Voilà plus de 20 ans déjà que Picard nous propose un pain
   croustillant et moelleux à cœur. Avec les ... ”
   Lire la suite

   “ De l’entrée au dessert, Picard vous propose désormais une gamme de
   marques crées pour les régimes sa... ”
   Lire la suite

   “ Les produits de la mer sont la matière première la plus
   commercialisée au monde. Au cours des 50 der... ”
   Lire la suite

   “ Le petit-déjeuner est le repas le plus important de la journée. Il
   évite le coup de fatigue de 11h e... ”
   Lire la suite

   “ Picard a mis en place des processus permettant d’offrir un poisson
   extra-frais, notamment issu d’une... ”
   Lire la suite

   “ La notion d'agriculture biologique n'est pas récente : ses principes
   ont été introduits en France ap... ”
   Lire la suite

   “ Partout en Asie, les légumes ont la part belle. On en profite pour
   découvrir le beau mélange de légu... ”
   Lire la suite

   “ Si le calcium est associé aux produits laitiers, saviez-vous que
   d'autres aliments comme le chou ou ... ”
   Lire la suite

   “ L’Auvergne est une région d’élevage de bovins qui produit une viande
   reconnue pour ses saveurs excep... ”
   Lire la suite

   “ Hautes qualités gustatives et nutritionnelles, grande fraîcheur,
   facilité d’utilisation… les produit... ”
   Lire la suite

   “ La fréquence des allergies alimentaires a doublé en 5 ans. Entre 4 et
   8,5% des enfants de moins de 3... ”
   Lire la suite

   Lire la suite

   “ L’Alaska est une terre du bout du monde. Dans ses eaux pures, on ne
   trouve que du poisson sauvage pê... ”
   Lire la suite

   Lire la suite

   Lire la suite

   “ Les amateurs de poissons crus sont de plus en plus nombreux en
   France. Rien de tel en effet pour ret... ”
   Lire la suite

   “ Comme le petit-déjeuner, le goûter est un repas indispensable à la
   bonne forme et au bien-être des e... ”
   Lire la suite

   “ Un peu de thym, une pincée d’aneth... les herbes aromatiques sont
   aujourd’hui presque automatiques. ... ”
   Lire la suite

   “ Chez Picard, la majorité des ventes de produits de la mer sauvages
   porte le label "Pêche durable MSC... ”
   Lire la suite

   Lire la suite

   Lire la suite

   Lire la suite

   “ Découvrez les engagements Picard en matière de produits labellisés,
   de produits élaborés en France e... ”
   Lire la suite

   “ Chaque année, l’agriculture biologique gagne du terrain avec un
   nombre croissant d’exploitants agric... ”
   Lire la suite

   Lire la suite

   “ Plus de 100 références de produits de la mer chez Picard pour se
   faire plaisir, cultiver chaque jour... ”
   Lire la suite

   “ Sources de nombreux nutriments, les produits de la mer sont
   excellents pour la santé. Tour d’horizon... ”
   Lire la suite

   “ Les falafels sont de délicieuses boulettes libanaises cuisinées à
   base de pois chiches, d’aromates, ... ”
   Lire la suite

   “ Cette petite prune ronde à la robe jaune intense arrive à maturité à
   la fin de l’été. Aussi délicieu... ”
   Lire la suite

   “ Avec la gamme + d’équilibre, Picard propose des plats équilibrés qui
   ne transigent pas avec le plais... ”
   Lire la suite

   “ Quel est le secret de la fraîcheur et de la finesse des Saint-Jacques
   françaises de Picard ? Sélecti... ”
   Lire la suite

   “ Avocat, edamame, myrtilles, lentilles, brocolis... Découvrez tous les
   bienfaits de ces savoureux pro... ”
   Lire la suite

   “ Margot est une jeune femme pétillante qui prend la vie côté healthy*
   et la partage généreusement via... ”
   Lire la suite

   “ Picard a mis le cap sur le régime végétarien depuis plusieurs années
   afin d’accompagner les choix al... ”
   Lire la suite

   Lire la suite
   Clicking moves
     * Produits
     * C'est nouveau
     * Prix réduits
     * En cuisine
     * Les légumes
     * Les fruits
     * Les viandes & volailles
     * Les poissons & crustacés
     * Les indispensables du cuisinier
     * À table !
     * Les apéritifs
     * Les entrées, tartes et salades
     * Les plats cuisinés
     * Cuisine évasion
     * Les pains & viennoiseries
     * Les pâtisseries
     * Les glaces & sorbets
     * L'épicerie
     * Des assiettes à part
     * Les jours trop bons
     * Soupes et potages
     * Tout à moins de 3 €
     * Le bio & produits labellisés
     * Les régimes alimentaires

     * Idées à cuisiner
     * Les apéritifs
     * Les entrées
     * Les plats
     * Les desserts
     * La recette du mois
     * L'inspiration Minute
     * Qualité & Savoir-faire
     * Les actualités
     * Tendance et Innovation
     * Santé et Nutrition
     * Conservation et Cuisson
     * Nos Partenaires
     * Picard vous répond
     * Les webdocs

   Magasins
   Retrouvez-nous sur
     * Facebook
     * Twitter
     * Youtube
     * Pinterest
     * Instagram

   Contactez-nous au 0 820 16 00 39 Du lundi au samedi de 8h à 19h.
     * Picard Entreprise
     * Qui sommes nous
     * Les valeurs Picard
     * Picard à votre service
     * Picard en chiffres
     * Travailler chez Picard
     * Recrutement
     * Informations financières / Financial Information
     * Espace Presse

   Rejoignez-nous !
     * Travailler chez Picard
     * Consulter les offres
     * Devenir franchisé Picard

     * Livraison à domicile
       Du lundi au samedi,
       de 7h à  21h selon localités.
     * Recettes & astuces
       Plus de 1500 fiches
       pratiques.
     * Le plus grand choix
       Tous les produits Picard :
       grands classiques et dernières nouveautés.

     * carte bleue
     * Visa
     * Master Card
     * American Express

     * FAQ
     * Guide de navigation
     * Plan du site
     * Contact
     * CGV et CGU du site
     * Conditions du programme picard et moi
     * Données personnelles et cookies

   tarif TTC valable du 16/09/2019 au 20/10/2019 dans nos magasins et en
   livraison à domicile (pour Paris, région parisienne et la plupart des
   grandes villes)
   RichNav Démarer la vidéo Creneaux
   IFRAME: //www.googletagmanager.com/ns.html?id=GTM-WLRN96

   Livraison de surgelés à domicile Picard

Posez votre question*Champs obligatoires

   Vous souhaitez obtenir un renseignement, un complément d'information
   Écrivez-nous tout de suite et nous vous répondons dans les meilleurs
   délais.

   Objet :*
     * Choisir
     * Programme Picard et Moi
     * Demande de catalogue
     * Gestion de compte société
     * Livrez-vous ma localité ?
     * Question sur l'application mobile
     * Question sur le site WEB
     * Réclamation produit
          + - Livraison à domicile
          + - Magasin
     * Réclamation commerciale
          + - Livraison à domicile
          + - Magasin
     * Renseignement magasin
     * Renseignement produit
     * Suivi de commande et livraison
     * Divers
          + - Livraison à domicile
          + - Magasin

   Veuillez sélectionner l'objet de votre demande dans la liste déroulante

   Civilité :* [Monsieur]

   Nom :* ____________________
   Prénom :* ____________________

   E-mail :* ____________________

   Adresse :* ____________________

   Ville :* ____________________

   Code postal :* ____________________

   Magasin :* ____________________

   Code article :* ____________________

   Libellé article :* ____________________

   Société :* ____________________

   Contact :* ____________________

   Numéro de commande :* ____________________

   Numéro de lot :* ____________________

   Question :*
   ____________________________________________________________
   ____________________________________________________________
   ____________________________________________________________
   ____________________________________________________________

   Champ libre :*
   ____________________________________________________________
   ____________________________________________________________
   ____________________________________________________________
   ____________________________________________________________

   (send) Envoyer
   Votre demande a bien été envoyée

   Vos données à caractère personnel font l’objet d’un traitement mis en
   œuvre par la société PICARD SURGELES selon les modalités définies dans
   notre politique de données personnelles. Elles sont traitées sur la
   base de votre consentement afin de répondre à vos questions.

   Seuls ont accès aux données, dans la limite de leurs attributions
   respectives, (i) les services de la société PICARD SURGELES et (ii) les
   prestataires habilités à traiter vos données uniquement pour le compte
   de la société PICARD SURGELES.

   Les données à fournir de manière obligatoire sont indiquées comme
   telles sur le formulaire. Sans ces données, notre société ne sera pas
   en mesure de satisfaire votre demande.

   Conformément à la loi Informatique et libertés du 6 janvier 1978
   modifiée et au règlement européen général sur la protection des données
   à caractère personnel (UE) 2016/679 du 27 avril 2016, vous disposez
   d’un droit d’accès et d’un droit de rectification des données vous
   concernant et, s’ils sont applicables, d’un droit de suppression, d’un
   droit d’opposition au traitement de vos données, d’un droit à
   l’effacement et à la limitation du traitement ainsi que d’un droit à la
   portabilité de vos données. Vous disposez également du droit de définir
   des directives relatives au sort de vos données après votre décès. Vous
   pouvez exercer vos droits, à tout moment, en effectuant une demande
   écrite accompagnée d’un justificatif d’identité par voie électronique à
   l’adresse cnil@picard.fr ou par courrier postal adressé au Service
   Information Consommateur CS 30038 77797 Nemours. A tout moment vous
   pouvez gérer vos abonnements aux services proposés dans la rubrique
   « Mon Compte » sur picard.fr et dans l’application mobile. Vous
   disposez enfin du droit d’introduire une réclamation auprès de la
   Commission nationale de l’informatique et des libertés (Cnil).
   Vos données sont conservées pendant une durée de trois ans à compter de
   leur collecte ou du dernier contact. Les données permettant d'établir
   la preuve d'un droit ou d'un contrat, ou conservées au titre du respect
   d'une obligation légale sont archivées conformément aux dispositions en
   vigueur.




   Lorsque vous naviguez sur notre site internet, des informations sont
   susceptibles d'être enregistrées, ou lues, dans votre terminal, sous
   réserve de vos choix.

   Acceptez-vous le dépôt et la lecture de cookies afin que nous et nos
   partenaires puissions analyser vos centres d'intérêts pour vous
   proposer des publicités personnalisées ?* ( ) Oui ( ) Non

   Acceptez-vous le dépôt et la lecture de cookies afin que nous et nos
   partenaires puissions analyser vos centres d'intérêts pour vous
   proposer des publicités personnalisées ?* ( ) Oui ( ) Non

   Acceptez-vous le dépôt et/ou la lecture de cookies pour vous permettre
   de partager des contenus de notre site avec d'autres personnes ou de
   faire connaître à ces autres personnes votre consultation ou votre
   opinion  (boutons "J'aime" de Facebook par exemple) :* (*) Oui ( ) Non


   Livraison de surgelés à domicile Picard

   Livraison à domicile du Lundi au Samedi de 7h à 21h selon localités.
     * Contactez-nous
     * Appli iPhone et Android

   Vos courses et des idées gourmandes en quelques clics

   Picard&Moi Votre programme de fidélité
   Mon compte
   Rechercher un produi Submit

     *
     * Produits
     * Idées à cuisiner
     * Qualité & savoir-faire
     * Magasins
     * Mon compte
     *
     *
     *

   Vous n'avez pas sélectionné de produit Besoin d'aide ?
   Vous n'avez pas sélectionné de produit Besoin d'aide ?
     *
     *

     * Les rayons
     * Tout afficher

     * En cuisine
     *   Les légumes
     *   Les fruits
     *   Les viandes & volailles
     *   Les poissons & crustacés
     *   Les indispensables du cuisinier

     * À table !
     *   Les apéritifs
     *   Les entrées, tartes et salades
     *   Les plats cuisinés
     *   Cuisine évasion
     *   Les pains & viennoiseries
     *   Les pâtisseries
     *   Les glaces & sorbets
     *   L'épicerie

     * Des assiettes à part
     *   Les jours trop bons
     *   C'est nouveau
     *   Prix réduits
     *   Soupes et potages
     *   Tout à moins de 3 €
     *   Le bio & produits labellisés
     *   Les régimes alimentaires

   Nouveau Tout afficher

   Raviolis marguerites à la courge sauce... barquette de 300 g 11.66 €/kg
   Raviolis marguerites à la courge sauce mascarpone
   2.62 €
   Ajouter à ma liste
   [Choisir une liste]
   Fermer
   ____________________ [BUTTON Input] (not implemented)__
   Fermer
   (Ajouter au panier) Ajouter au panier
   Qté ____________________ Plus Moins
   Prix réduits Tout afficher

   Pommes rissolées en cubes le sachet de 1 kg 1.10 €/kg
   Pommes rissolées en cubes
   1.10 € 1.30 €
   Ajouter à ma liste
   [Choisir une liste]
   Fermer
   ____________________ [BUTTON Input] (not implemented)__
   Fermer
   (Ajouter au panier) Ajouter au panier
   Qté ____________________ Plus Moins
   Fermer
   Découvrez les recettes, les suggestions et les menus pour trouver des
   idées pour chaque plat.
   Idées à cuisiner Tout afficher
     * Les recettes
     * Toutes les recettes

   Les apéritifs Les apéritifs
   Les entrées Les entrées
   Les plats Les plats
   Les desserts Les desserts
     * Les suggestions

   La recette du mois
   La recette du mois

   Velouté de fèves à la menthe
   Découvrir
   L’inspiration Minute
   Fermer
   Les actualités Tout afficher

   La mirabelle de Lorraine : Cette petite prune ronde à la robe jaune
   intense arrive à maturité à la fin de l’été. Aussi délicieuse cuite
   q...
   Lire la suite
   La mirabelle de Lorraine

   La RSE chez Picard : bilan de notre engagement : Picard, un acteur
   engagé en matière de Responsabilité sociale et environnementale....
   Lire la suite
   La RSE chez Picard : bilan de notre engagement
   Picard vous répond
   Qualité et savoir-faire

   Qualité & Savoir-Faire

   Découvrez tous les sujets qui
   nourrissent l'alimentation,
   et nos réponses : petits secrets et grandes vérités au menu.
   Parcourir
     * Tendance et Innovation
       Tendance et Innovation
     * Santé et Nutrition
       Santé et Nutrition
     * Conservation et Cuisson
       Conservation et Cuisson
     * Nos Partenaires
       Nos Partenaires
     * Les webdocs Les webdocs

   Fermer
     * Mon compte
     * Fermer

     * accéder à mon compte
     * Mes paramètres
          + Mes informations personnelles
          + Mes abonnements
          + Mes adresses
          + Mes magasins Picard
          + Mes préférences
     * Mes commandes
          + Consulter mes commandes
     * Mes Favoris
          + Mes recettes
          + Mes listes de courses
          + Mes critères de recherche

   Se déconnecter
   Accueil    /
   Tous les rayons    /
   Tout à moins de 3 €
   Tout à moins de 3 € surgelé
     * Tout à moins de 3 €
     * Changer de rayon
          +  C'est nouveau
          +  Prix réduits
          +  Les légumes
          +  Les fruits
          +  Les viandes & volailles
          +  Les poissons & crustacés
          +  Les indispensables du cuisinier
          +  Les apéritifs
          +  Les entrées, tartes et salades
          +  Les plats cuisinés
          +  Cuisine évasion
          +  Les pains & viennoiseries
          +  Les pâtisseries
          +  Les glaces & sorbets
          +  L'épicerie
          +  Les jours trop bons
          +  Soupes et potages
          +  Tout à moins de 3 €
          +  Le bio & produits labellisés
          +  Les régimes alimentaires

Tout à moins de 3 €

   Découvrez plus de 400 produits à moins de 3 €, pour que chaque repas
   pris en famille, en solo, au saut du lit ou encore entre amis, soit un
   moment savoureux et équilibré. Fidèle à ses engagements, Picard vous
   propose un vaste choix de goûts et de saveurs pour varier les plaisirs
   tout au long de l'année.
   Trouver un produit Tomate, carpaccio, v Submit
   Recherche affinée Utilisez les critères pour trouver le produit de vos
   envies.
   [Mes critèress]
     * Afficher tous les produits
     * Afficher les suggestions du mois

   En cuisine
     * Les légumes
     * Les viandes et volailles
     * Les poissons
     * Les fruits
     * Les indispensables du cuisinier

   A table !
     * Les apéritifs
     * Les entrées et tartes
     * Les plats cuisinés
     * La cuisine évasion
     * Les pains et viennoiseries
     * Les pâtisseries
     * Les glaces et sorbets
     * L'épicerie

     *   Les légumes

   Enregistrer ces critères

   [Nouveau]

   (BUTTON) OK Fermer
   Votre Critère a bien été créé
   Critère mis à jour
   Ce nom de critère existe déjà
   ____________________ (save_criteria) OK Fermer
   161 produits
     * 1
     * 2
     * 3
     * 4

     *
     *

   Afficher [50__] par page

   Trier par [Pertinence_________]

   -5% supp avec la carte Epinards hachés, France le sachet de 1 kg 1.20
   €/kg
   Epinards hachés, France
   Ajouter à ma liste
   [Choisir une liste]
   Fermer
   ____________________ [BUTTON Input] (not implemented)__
   Fermer
   (Ajouter au panier) Ajouter au panier
   Qté ____________________ Plus Moins
   ª  1.20 € 1.40€
   Poireaux émincés bio, France ou Belgique le sachet de 600 g 4.83 €/kg
   Poireaux émincés bio, France ou Belgique
   Ajouter à ma liste
   [Choisir une liste]
   Fermer
   ____________________ [BUTTON Input] (not implemented)__
   Fermer
   (Ajouter au panier) Ajouter au panier
   Qté ____________________ Plus Moins
   ª  2.90 €
   C'est nouveau Purée de pomme de terre, légumes verts,... la boîte de
   450 g 6.22 €/kg
   [icon_nouveaute.png]
   Purée de pomme de terre, légumes verts, emmental
   Ajouter à ma liste
   [Choisir une liste]
   Fermer
   ____________________ [BUTTON Input] (not implemented)__
   Fermer
   (Ajouter au panier) Ajouter au panier
   Qté ____________________ Plus Moins
   ª  2.80 €
   Embeurrée de chou la boîte de 450 g 5.55 €/kg
   Embeurrée de chou
   Ajouter à ma liste
   [Choisir une liste]
   Fermer
   ____________________ [BUTTON Input] (not implemented)__
   Fermer
   (Ajouter au panier) Ajouter au panier
   Qté ____________________ Plus Moins
   ª  2.50 €
   Velouté fèves épinard cuisiné l'huile... le sachet de 600 g 4.91 €/kg
   Velouté fèves épinard cuisiné l'huile olive (5,8%)
   Ajouter à ma liste
   [Choisir une liste]
   Fermer
   ____________________ [BUTTON Input] (not implemented)__
   Fermer
   (Ajouter au panier) Ajouter au panier
   Qté ____________________ Plus Moins
   ª  2.95 €
   Chou vert en feuilles, Espagne le sachet de 600 g 3.25 €/kg
   Chou vert en feuilles, Espagne
   Ajouter à ma liste
   [Choisir une liste]
   Fermer
   ____________________ [BUTTON Input] (not implemented)__
   Fermer
   (Ajouter au panier) Ajouter au panier
   Qté ____________________ Plus Moins
   ª  1.95 €
   Inédites au romarin, pommes de terre,... le sachet de 500 g 5.40 €/kg
   Inédites au romarin, pommes de terre, France
   Ajouter à ma liste
   [Choisir une liste]
   Fermer
   ____________________ [BUTTON Input] (not implemented)__
   Fermer
   (Ajouter au panier) Ajouter au panier
   Qté ____________________ Plus Moins
   ª  2.70 €
   Bol vapeur brocolis, carottes, haricots... le bol de 250 g 7.00 €/kg
   Bol vapeur brocolis, carottes, haricots verts bio
   Ajouter à ma liste
   [Choisir une liste]
   Fermer
   ____________________ [BUTTON Input] (not implemented)__
   Fermer
   (Ajouter au panier) Ajouter au panier
   Qté ____________________ Plus Moins
   ª  1.75 €
   Soupe au pistou le bol de 400 g 6.25 €/kg
   Soupe au pistou
   Ajouter à ma liste
   [Choisir une liste]
   Fermer
   ____________________ [BUTTON Input] (not implemented)__
   Fermer
   (Ajouter au panier) Ajouter au panier
   Qté ____________________ Plus Moins
   ª  2.50 €
   Wedges à four le sachet de 1 kg 1.95 €/kg
   Wedges à four
   Ajouter à ma liste
   [Choisir une liste]
   Fermer
   ____________________ [BUTTON Input] (not implemented)__
   Fermer
   (Ajouter au panier) Ajouter au panier
   Qté ____________________ Plus Moins
   ª  1.95 €
   Potage courge butternut, patate douce,... le sachet de 1 kg 2.80 €/kg
   Potage courge butternut, patate douce, carotte
   Ajouter à ma liste
   [Choisir une liste]
   Fermer
   ____________________ [BUTTON Input] (not implemented)__
   Fermer
   (Ajouter au panier) Ajouter au panier
   Qté ____________________ Plus Moins
   ª  2.80 €
   Brunoise à la méridionale le sachet de 450 g 4.00 €/kg
   Brunoise à la méridionale
   Ajouter à ma liste
   [Choisir une liste]
   Fermer
   ____________________ [BUTTON Input] (not implemented)__
   Fermer
   (Ajouter au panier) Ajouter au panier
   Qté ____________________ Plus Moins
   ª  1.80 €
   Légumes pour wok le sachet de 600 g 3.66 €/kg
   Légumes pour wok
   Ajouter à ma liste
   [Choisir une liste]
   Fermer
   ____________________ [BUTTON Input] (not implemented)__
   Fermer
   (Ajouter au panier) Ajouter au panier
   Qté ____________________ Plus Moins
   ª  2.20 €
   Poêlée de légumes grillés courgette,... le sachet de 600 g 4.83 €/kg
   Poêlée de légumes grillés courgette, aubergine
   Ajouter à ma liste
   [Choisir une liste]
   Fermer
   ____________________ [BUTTON Input] (not implemented)__
   Fermer
   (Ajouter au panier) Ajouter au panier
   Qté ____________________ Plus Moins
   ª  2.90 €
   Gratin dauphinois la boîte de 450 g 5.77 €/kg
   Gratin dauphinois
   Ajouter à ma liste
   [Choisir une liste]
   Fermer
   ____________________ [BUTTON Input] (not implemented)__
   Fermer
   (Ajouter au panier) Ajouter au panier
   Qté ____________________ Plus Moins
   ª  2.60 €
   Flageolets verts fins, France le sachet de 600 g 3.25 €/kg
   Flageolets verts fins, France
   Ajouter à ma liste
   [Choisir une liste]
   Fermer
   ____________________ [BUTTON Input] (not implemented)__
   Fermer
   (Ajouter au panier) Ajouter au panier
   Qté ____________________ Plus Moins
   ª  1.95 €
   Pommes rissolées XL en cubes le sachet de 1 kg 1.80 €/kg
   Pommes rissolées XL en cubes
   Ajouter à ma liste
   [Choisir une liste]
   Fermer
   ____________________ [BUTTON Input] (not implemented)__
   Fermer
   (Ajouter au panier) Ajouter au panier
   Qté ____________________ Plus Moins
   ª  1.80 €
   Les Frites XL (découpe large) préfrites le sachet de 1 kg 1.80 €/kg
   Les Frites XL (découpe large) préfrites
   Ajouter à ma liste
   [Choisir une liste]
   Fermer
   ____________________ [BUTTON Input] (not implemented)__
   Fermer
   (Ajouter au panier) Ajouter au panier
   Qté ____________________ Plus Moins
   ª  1.80 €
   Gratin courge butternut, céréales,... la boîte de 200 g 10.00 €/kg
   Gratin courge butternut, céréales, fromage frais
   Ajouter à ma liste
   [Choisir une liste]
   Fermer
   ____________________ [BUTTON Input] (not implemented)__
   Fermer
   (Ajouter au panier) Ajouter au panier
   Qté ____________________ Plus Moins
   ª  2.00 €
   Röstis de pomme de terre, précuits, 6... le sachet de 600 g 4.91 €/kg
   Röstis de pomme de terre, précuits, 6 pièces
   Ajouter à ma liste
   [Choisir une liste]
   Fermer
   ____________________ [BUTTON Input] (not implemented)__
   Fermer
   (Ajouter au panier) Ajouter au panier
   Qté ____________________ Plus Moins
   ª  2.95 €
   Frites bio le sachet de 600 g 3.83 €/kg
   Frites bio
   Ajouter à ma liste
   [Choisir une liste]
   Fermer
   ____________________ [BUTTON Input] (not implemented)__
   Fermer
   (Ajouter au panier) Ajouter au panier
   Qté ____________________ Plus Moins
   ª  2.30 €
   Purée de courge butternut, patate douce le sachet de 600 g 3.25 €/kg
   Purée de courge butternut, patate douce
   Ajouter à ma liste
   [Choisir une liste]
   Fermer
   ____________________ [BUTTON Input] (not implemented)__
   Fermer
   (Ajouter au panier) Ajouter au panier
   Qté ____________________ Plus Moins
   ª  1.95 €
   Purée de pois cassés le sachet de 600 g 2.83 €/kg
   Purée de pois cassés
   Ajouter à ma liste
   [Choisir une liste]
   Fermer
   ____________________ [BUTTON Input] (not implemented)__
   Fermer
   (Ajouter au panier) Ajouter au panier
   Qté ____________________ Plus Moins
   ª  1.70 €
   Gratin de pomme de terre, oignon, comté la boîte de 220 g 9.09 €/kg
   Gratin de pomme de terre, oignon, comté
   Ajouter à ma liste
   [Choisir une liste]
   Fermer
   ____________________ [BUTTON Input] (not implemented)__
   Fermer
   (Ajouter au panier) Ajouter au panier
   Qté ____________________ Plus Moins
   ª  2.00 €
   Julienne de légumes, Italie le sachet de 450 g 3.22 €/kg
   Julienne de légumes, Italie
   Ajouter à ma liste
   [Choisir une liste]
   Fermer
   ____________________ [BUTTON Input] (not implemented)__
   Fermer
   (Ajouter au panier) Ajouter au panier
   Qté ____________________ Plus Moins
   ª  1.45 €
   -5% supp avec la carte Trio de fleurettes (brocolis,chou... le sachet
   de 600 g 2.91 €/kg
   Trio de fleurettes (brocolis,chou fleur,romanesco)
   Ajouter à ma liste
   [Choisir une liste]
   Fermer
   ____________________ [BUTTON Input] (not implemented)__
   Fermer
   (Ajouter au panier) Ajouter au panier
   Qté ____________________ Plus Moins
   ª  1.75 € 1.95€
   -5% supp avec la carte Gratin de pâte, épinard, poireau et... la boîte
   de 200 g 9.00 €/kg
   Gratin de pâte, épinard, poireau et sauce au comté
   Ajouter à ma liste
   [Choisir une liste]
   Fermer
   ____________________ [BUTTON Input] (not implemented)__
   Fermer
   (Ajouter au panier) Ajouter au panier
   Qté ____________________ Plus Moins
   ª  1.80 € 2.00€
   Légumes pour potage le sachet de 1 kg 1.95 €/kg
   Légumes pour potage
   Ajouter à ma liste
   [Choisir une liste]
   Fermer
   ____________________ [BUTTON Input] (not implemented)__
   Fermer
   (Ajouter au panier) Ajouter au panier
   Qté ____________________ Plus Moins
   ª  1.95 €
   Graine de couscous cuisinée à l'huile... le sachet de 600 g 4.91 €/kg
   Graine de couscous cuisinée à l'huile d'olive, bio
   Ajouter à ma liste
   [Choisir une liste]
   Fermer
   ____________________ [BUTTON Input] (not implemented)__
   Fermer
   (Ajouter au panier) Ajouter au panier
   Qté ____________________ Plus Moins
   ª  2.95 €
   Fèves extra-fines, Italie ou France le sachet de 600 g 4.58 €/kg
   Fèves extra-fines, Italie ou France
   Ajouter à ma liste
   [Choisir une liste]
   Fermer
   ____________________ [BUTTON Input] (not implemented)__
   Fermer
   (Ajouter au panier) Ajouter au panier
   Qté ____________________ Plus Moins
   ª  2.75 €
   Poêlée à la sarladaise le sachet de 600 g 4.66 €/kg
   Poêlée à la sarladaise
   Ajouter à ma liste
   [Choisir une liste]
   Fermer
   ____________________ [BUTTON Input] (not implemented)__
   Fermer
   (Ajouter au panier) Ajouter au panier
   Qté ____________________ Plus Moins
   ª  2.80 €
   Pommes noisettes la boîte de 450 g 2.44 €/kg
   Pommes noisettes
   Ajouter à ma liste
   [Choisir une liste]
   Fermer
   ____________________ [BUTTON Input] (not implemented)__
   Fermer
   (Ajouter au panier) Ajouter au panier
   Qté ____________________ Plus Moins
   ª  1.10 €
   Petits pois doux extra-fins, France le sachet de 450 g 3.11 €/kg
   Petits pois doux extra-fins, France
   Ajouter à ma liste
   [Choisir une liste]
   Fermer
   ____________________ [BUTTON Input] (not implemented)__
   Fermer
   (Ajouter au panier) Ajouter au panier
   Qté ____________________ Plus Moins
   ª  1.40 €
   Purée de pommes de terre au poulet et... la boîte de 450 g 6.22 €/kg
   Purée de pommes de terre au poulet et aux carottes
   Ajouter à ma liste
   [Choisir une liste]
   Fermer
   ____________________ [BUTTON Input] (not implemented)__
   Fermer
   (Ajouter au panier) Ajouter au panier
   Qté ____________________ Plus Moins
   ª  2.80 €
   Inédites trois légumes,... le sachet de 500 g 5.90 €/kg
   Inédites trois légumes, carottes,panais,betteraves
   Ajouter à ma liste
   [Choisir une liste]
   Fermer
   ____________________ [BUTTON Input] (not implemented)__
   Fermer
   (Ajouter au panier) Ajouter au panier
   Qté ____________________ Plus Moins
   ª  2.95 €
   Lentilles vertes, cuites le sachet de 450 g 5.55 €/kg
   Lentilles vertes, cuites
   Ajouter à ma liste
   [Choisir une liste]
   Fermer
   ____________________ [BUTTON Input] (not implemented)__
   Fermer
   (Ajouter au panier) Ajouter au panier
   Qté ____________________ Plus Moins
   ª  2.50 €
   Kid Smile le sachet de 750 g 2.93 €/kg
   Kid Smile
   Ajouter à ma liste
   [Choisir une liste]
   Fermer
   ____________________ [BUTTON Input] (not implemented)__
   Fermer
   (Ajouter au panier) Ajouter au panier
   Qté ____________________ Plus Moins
   ª  2.20 €
   Pommes duchesse le sachet de 1 kg 2.70 €/kg
   Pommes duchesse
   Ajouter à ma liste
   [Choisir une liste]
   Fermer
   ____________________ [BUTTON Input] (not implemented)__
   Fermer
   (Ajouter au panier) Ajouter au panier
   Qté ____________________ Plus Moins
   ª  2.70 €
   Pois croquants, Belgique le sachet de 600 g 4.91 €/kg
   Pois croquants, Belgique
   Ajouter à ma liste
   [Choisir une liste]
   Fermer
   ____________________ [BUTTON Input] (not implemented)__
   Fermer
   (Ajouter au panier) Ajouter au panier
   Qté ____________________ Plus Moins
   ª  2.95 €
   C'est nouveau Ecrasé de pomme de terre et patate douce la boîte de
   450 g 6.00 €/kg
   [icon_nouveaute.png]
   Ecrasé de pomme de terre et patate douce
   Ajouter à ma liste
   [Choisir une liste]
   Fermer
   ____________________ [BUTTON Input] (not implemented)__
   Fermer
   (Ajouter au panier) Ajouter au panier
   Qté ____________________ Plus Moins
   ª  2.70 €
   Wok de nouilles aux légumes la boîte de 200 g 10.00 €/kg
   Wok de nouilles aux légumes
   Ajouter à ma liste
   [Choisir une liste]
   Fermer
   ____________________ [BUTTON Input] (not implemented)__
   Fermer
   (Ajouter au panier) Ajouter au panier
   Qté ____________________ Plus Moins
   ª  2.00 €
   Duo de poivrons rouges et jaunes bio,... le sachet de 600 g 4.91 €/kg
   Duo de poivrons rouges et jaunes bio, Espagne
   Ajouter à ma liste
   [Choisir une liste]
   Fermer
   ____________________ [BUTTON Input] (not implemented)__
   Fermer
   (Ajouter au panier) Ajouter au panier
   Qté ____________________ Plus Moins
   ª  2.95 €
   Purée pomme de terre au beurre,à la... la boîte de 450 g 6.22 €/kg
   Purée pomme de terre au beurre,à la crème d'Isigny
   Ajouter à ma liste
   [Choisir une liste]
   Fermer
   ____________________ [BUTTON Input] (not implemented)__
   Fermer
   (Ajouter au panier) Ajouter au panier
   Qté ____________________ Plus Moins
   ª  2.80 €
   Légumes pour wok bio le sachet de 600 g 4.75 €/kg
   Légumes pour wok bio
   Ajouter à ma liste
   [Choisir une liste]
   Fermer
   ____________________ [BUTTON Input] (not implemented)__
   Fermer
   (Ajouter au panier) Ajouter au panier
   Qté ____________________ Plus Moins
   ª  2.85 €
   Poêlée de pommes de terre grenaille le sachet de 450 g 6.55 €/kg
   Poêlée de pommes de terre grenaille
   Ajouter à ma liste
   [Choisir une liste]
   Fermer
   ____________________ [BUTTON Input] (not implemented)__
   Fermer
   (Ajouter au panier) Ajouter au panier
   Qté ____________________ Plus Moins
   ª  2.95 €
   Bol vapeur brocolis-choux... le bol de 250 g 5.60 €/kg
   Bol vapeur brocolis-choux fleurs-carottes
   Ajouter à ma liste
   [Choisir une liste]
   Fermer
   ____________________ [BUTTON Input] (not implemented)__
   Fermer
   (Ajouter au panier) Ajouter au panier
   Qté ____________________ Plus Moins
   ª  1.40 €
   Poêlée à la bretonne le sachet de 1 kg 2.95 €/kg
   Poêlée à la bretonne
   Ajouter à ma liste
   [Choisir une liste]
   Fermer
   ____________________ [BUTTON Input] (not implemented)__
   Fermer
   (Ajouter au panier) Ajouter au panier
   Qté ____________________ Plus Moins
   ª  2.95 €
   Inédites à la patate douce, patates... le sachet de 500 g 5.90 €/kg
   Inédites à la patate douce, patates douce enrobées
   Ajouter à ma liste
   [Choisir une liste]
   Fermer
   ____________________ [BUTTON Input] (not implemented)__
   Fermer
   (Ajouter au panier) Ajouter au panier
   Qté ____________________ Plus Moins
   ª  2.95 €
   -5% supp avec la carte Haricots verts bio, France ou Italie le sachet
   de 600 g 3.83 €/kg
   Haricots verts bio, France ou Italie
   Ajouter à ma liste
   [Choisir une liste]
   Fermer
   ____________________ [BUTTON Input] (not implemented)__
   Fermer
   (Ajouter au panier) Ajouter au panier
   Qté ____________________ Plus Moins
   ª  2.30 € 2.60€
   Potage de légumes verts le sachet de 1 kg 2.95 €/kg
   Potage de légumes verts
   Ajouter à ma liste
   [Choisir une liste]
   Fermer
   ____________________ [BUTTON Input] (not implemented)__
   Fermer
   (Ajouter au panier) Ajouter au panier
   Qté ____________________ Plus Moins
   ª  2.95 €
   Haut de page
     * 1
     * 2
     * 3
     * 4

     *
     *

   Afficher [50__] par page

   Trier par [Pertinence_________]

   Clicking moves Picard vous répond

   “ Je viens de regarder un reportage TV qui concernait les "acides gras
   trans", c'est-à-dire hydrogénés... ”
   Lire la suite

   “ Pourriez-vous me confirmer que les informations nutritionnelles
   mentionnées sur vos emballages s’ent... ”
   Lire la suite

   “ Colin d’Alaska, colin lieu, quelles sont les différences ? ”
   Lire la suite

   “ A quoi correspondent exactement les pourcentages des « AJR » qui sont
   indiqués dans certains tableau... ”
   Lire la suite

   “ Picard propose de nombreux plats exotiques. Leur fabrication est-elle
   effectuée en France ? Certains... ”
   Lire la suite

   “ Quelle est la différence entre les mentions "production française" et
   "produit élaboré en France" ”
   Lire la suite

   “ L’emballage des produits BIO comporte 2 types d'informations sur
   l'origine avec une mention « Agric... ”
   Lire la suite

   “ Trouve-t-on des ajouts de conservateurs tels que les sulfites dans
   vos produits ? ”
   Lire la suite

   “ Je trouve le prix de vos filets de sole mer du Nord très élevé en
   comparaison avec les soles fraîche... ”
   Lire la suite

   “ Après cuisson des lobes de foie gras, je constate quelquefois une
   proportion de graisse importante. ... ”
   Lire la suite

   “ Pourquoi y a-t-il de la gélatine de porc dans certains de vos
   desserts glacés ? Est-ce vraiment néce... ”
   Lire la suite

   “ J’aimerais avoir la liste des herbes et aromates qui sont irradiés,
   car sur aucun de vos emballages ... ”
   Lire la suite

   “ Comment puis-je distinguer les poissons d'élevage des poissons
   sauvages parmi les espèces disponible... ”
   Lire la suite

   “ J'ai découvert récemment un nouveau logo pour la viande bovine
   Française. A quoi correspond ce logo ... ”
   Lire la suite

   “ Pourquoi certaines langoustines ont-elles des têtes vertes ? ”
   Lire la suite

   “ Pourquoi vos noix de Saint-Jacques ont-elles quelquefois très peu de
   corail ? Cela nuit à la présent... ”
   Lire la suite

   “ Comment puis-je m’assurer que le thon de couleur rouge que vous
   commercialisez en découpes ou dans l... ”
   Lire la suite

   “ Pourquoi ne trouve-t-on pas de « gambas » dans votre gamme ? Quelle
   est la différence avec des creve... ”
   Lire la suite

   “ Pourquoi ajoutez-vous du sucre dans certains de vos plats cuisinés ?
   Lorsque l'on souhaite réduire s... ”
   Lire la suite

   “ Je consomme beaucoup de légumes surgelés et j’aimerais m’assurer que
   les emballages ne renferment pa... ”
   Lire la suite

   “ Importez-vous des produits du Japon et quelles sont les conséquences
   sanitaires suite à l’incident d... ”
   Lire la suite

   “ J’ai entendu dire que Picard éditait un catalogue en braille pour les
   non-voyants. Qu’en est-il et o... ”
   Lire la suite

   “ Depuis quelques mois vous me livrez à domicile et j’aimerais savoir
   quelle est la quantité maximale ... ”
   Lire la suite

   “ Est-il possible de laver la glacière en coton équitable en machine à
   laver ? ”
   Lire la suite

   “ Je souhaiterais savoir si la teneur en pesticides des fruits et
   légumes que vous vendez est systémat... ”
   Lire la suite

   “ Pouvez-vous me confirmer que des poissons conservés plusieurs mois à
   l’état surgelé ne perdent pas l... ”
   Lire la suite

   “ Pouvez-vous me préciser ce que garantit le « LABEL ROUGE » sur vos
   brochettes de crevettes ? ”
   Lire la suite

   “ Plusieurs distributeurs ont pris la décision de ne plus
   commercialiser certaines espèces de poissons... ”
   Lire la suite

   “ Les mini-brochettes de poulet au miel et au thym sont excellentes,
   mais, surprise quand je découvre ... ”
   Lire la suite

   “ Pouvez-vous me préciser si les mono et diglycérides d’acides gras
   présents dans certains de vos prod... ”
   Lire la suite

   “ Quelle est la différence entre votre nouvelle gamme « Tout bon, tout
   veggie* » et les autres produit... ”
   Lire la suite

   “ Avez-vous des conseils pour décongeler rapidement des filets de
   poisson ? Est-il possible de les lai... ”
   Lire la suite

   “ Certains de vos produits contiennent de l'huile de palme. Quelle est
   votre politique en la matière ? ”
   Lire la suite

   “ Je souhaite savoir si vous réalisez toujours des tests ADN sur les
   viandes utilisées dans vos plats ... ”
   Lire la suite

   “ Que signifient les étoiles qui figurent à côté des dénominations de
   certaines viandes ? ”
   Lire la suite

   “ Pourquoi vos crevettes nordiques présentent souvent des œufs, alors
   que ce n'est jamais le cas pour ... ”
   Lire la suite

   “ J'achète régulièrement des biftecks hachés. J'aimerais savoir
   pourquoi il est écrit sur l'emballage ... ”
   Lire la suite

   “ Pour vos filets de poisson présentés avec peau, les valeurs
   nutritionnelles affichées sur l'emballag... ”
   Lire la suite

   “ Picard propose-t-il des produits sans gluten ? ”
   Lire la suite

   “ Je suis déçu par vos pavés de loup de mer, je ne retrouve pas les
   qualités du loup (bar) que j’ai l’... ”
   Lire la suite

   “ A l’heure du développement durable, pourquoi aller chercher des
   produits aux antipodes comme l’agnea... ”
   Lire la suite

   “ Pouvez-vous me préciser ce que signifie le logo «100% muscle» qui se
   trouve sur les emballages des s... ”
   Lire la suite

   “ Pourquoi tous vos poissons ne portent-ils pas l'écolabel MSC ? ”
   Lire la suite

   “ Pourquoi certains de vos ingrédients apparaissent en gras dans les
   listes d'ingrédients sur vos emba... ”
   Lire la suite

   “ J'ai remarqué que l'emballage des filets de colin lieu MSC, propose
   des informations sur l"origine e... ”
   Lire la suite

   “ Pourquoi avez-vous changé la recette de la quiche lorraine, qui est
   d'ailleurs plus chère qu'avant ? ”
   Lire la suite

   “ Comment savoir où sont fabriqués vos produits et d'où viennent les
   ingrédients utilisés dans les pré... ”
   Lire la suite

   “ J'ai remarqué que les sachets de julienne de légumes présentent
   souvent des blocs agglomérés et du g... ”
   Lire la suite

   “ Les légumes surgelés ont-ils des qualités nutritionnelles
   équivalentes aux légumes frais ? ”
   Lire la suite

   “ Vous vendez déjà des brochettes toutes prêtes. Avez-vous une offre si
   on souhaite les faire soi-même... ”
   Lire la suite

   “ Est-ce possible d’utiliser vos poissons pour une consommation crue,
   pour confectionner des sushis pa... ”
   Lire la suite

   “ J’aimerais en savoir plus sur vos engagements et vos actions pour le
   climat ? ”
   Lire la suite

   “ J’ai découvert récemment vos pavés de bonite à ventre rayé : vu l...
   ”
   Lire la suite

   “ J'ai remarqué un nouveau label sur vos produits de la mer, que
   signifie ASC ? ”
   Lire la suite

   “ Pourquoi l’emballage des myrtilles bio préconise-t-il de cuire les
   fruits ? N’est-il pas possible de... ”
   Lire la suite

   “ Quelle est la différence entre un produit congelé et un produit
   surgelé ? ”
   Lire la suite

   “ Où s’inscrire au programme de fidélité ? ”
   Lire la suite

   “ Comment trouver la liste d’ingrédient ou les valeurs nutritionnelles
   d’un produit ? ”
   Lire la suite

   “ Comment contacter le service consommateur ? ”
   Lire la suite

   “ Comment trouver le magasin le plus proche de chez moi ? ”
   Lire la suite

   “ Est-il possible de commander des chèques cadeaux Picard ? ”
   Lire la suite

   “ Puis-je payer en ticket restaurant mes achats ? ”
   Lire la suite

   “ Comment ajouter des produits à ma commande ? ”
   Lire la suite

   “ Mon code promo ne fonctionne pas ”
   Lire la suite

   “ Quelle est la date de validité des promotions ? ”
   Lire la suite

   “ Peut-on retirer sa commande en magasin ? ”
   Lire la suite

   “ J’aimerais des précisions sur la mention qui figure sur tous vos
   emballages «ne jamais recongeler un... ”
   Lire la suite

   “ Je suis bloqué sur ma commande, que faire ? ”
   Lire la suite

   “ Quel est le montant minimum pour se faire livrer ? ”
   Lire la suite

   “ Un décret récent impose l’indication de l’origine des viandes dans
   les produits pr&eac... ”
   Lire la suite

   “ Votre mélange de légumes pour potage est très pratique pour élaborer
   rap... ”
   Lire la suite

   “ Récemment, j’ai lu plusieurs articles concernant la dangerosité de
   l’additif dioxyde de titane : pou... ”
   Lire la suite

   “ Je trouve que certains de vos produits ont des emballages superflus,
   ce qui va à l’encontre des préo... ”
   Lire la suite

   “ J’achète régulièrement des Saint-Jacques qui viennent de pays
   éloignés (Chili, Argentine …), mais je... ”
   Lire la suite
   Clicking moves
   Clicking moves Santé & Nutrition

   “ Qui se cache réellement derrière ce que l’on appelle « légumes » ?
   Entre haricots verts, épinards, p... ”
   Lire la suite

   “ Manger cinq fruits et légumes par jour, c’est facile toute l’année.
   Mais pour profiter de leur saveu... ”
   Lire la suite

   “ Les français consomment en moyenne 10 g / jour de sel alors que les
   besoins sont évalués à 3 à 5 g /... ”
   Lire la suite

   “ Rien de tel qu’un grand bol de potage chaud pour se réchauffer et se
   réconforter. Mais saviez-vous q... ”
   Lire la suite

   “ Calorique, grasse, lourde... La pomme de terre n’a pas la vie facile
   avec toutes ces idées reçues ! ... ”
   Lire la suite

   “ Les sulfites : derrière ce nom bien étrange se cache un ingrédient
   que l’on retrouve tous les jours ... ”
   Lire la suite

   Lire la suite

   “ Depuis 35 ans, Picard engage tout son savoir-faire et son exigence
   pour garantir des produits de qua... ”
   Lire la suite

   “ Des poivrons en janvier, du concombre en novembre, c’est possible !
   Avec une gamme de 87 variétés de... ”
   Lire la suite

   “ Une noisette de beurre, un filet d’huile d’olive... Les matières
   grasses sont recommandées pour fair... ”
   Lire la suite

   “ Aujourd’hui, chaque français consomme, par an, 29 kilos de poissons,
   coquillages et crustacés. Soit ... ”
   Lire la suite

   “ « Faible teneur en sucres », « pauvre en sodium », « riche en
   minéraux », « allégé »... Les allégati... ”
   Lire la suite

   “ « Amines = nécessaires à la vie », les vitamines sont des molécules
   indispensables au bon fonctionne... ”
   Lire la suite

   Lire la suite

   “ Voilà plus de 20 ans déjà que Picard nous propose un pain
   croustillant et moelleux à cœur. Avec les ... ”
   Lire la suite

   “ De l’entrée au dessert, Picard vous propose désormais une gamme de
   marques crées pour les régimes sa... ”
   Lire la suite

   “ Les produits de la mer sont la matière première la plus
   commercialisée au monde. Au cours des 50 der... ”
   Lire la suite

   “ Le petit-déjeuner est le repas le plus important de la journée. Il
   évite le coup de fatigue de 11h e... ”
   Lire la suite

   “ Picard a mis en place des processus permettant d’offrir un poisson
   extra-frais, notamment issu d’une... ”
   Lire la suite

   “ La notion d'agriculture biologique n'est pas récente : ses principes
   ont été introduits en France ap... ”
   Lire la suite

   “ Partout en Asie, les légumes ont la part belle. On en profite pour
   découvrir le beau mélange de légu... ”
   Lire la suite

   “ Si le calcium est associé aux produits laitiers, saviez-vous que
   d'autres aliments comme le chou ou ... ”
   Lire la suite

   “ L’Auvergne est une région d’élevage de bovins qui produit une viande
   reconnue pour ses saveurs excep... ”
   Lire la suite

   “ Hautes qualités gustatives et nutritionnelles, grande fraîcheur,
   facilité d’utilisation… les produit... ”
   Lire la suite

   “ La fréquence des allergies alimentaires a doublé en 5 ans. Entre 4 et
   8,5% des enfants de moins de 3... ”
   Lire la suite

   Lire la suite

   “ L’Alaska est une terre du bout du monde. Dans ses eaux pures, on ne
   trouve que du poisson sauvage pê... ”
   Lire la suite

   Lire la suite

   Lire la suite

   “ Les amateurs de poissons crus sont de plus en plus nombreux en
   France. Rien de tel en effet pour ret... ”
   Lire la suite

   “ Comme le petit-déjeuner, le goûter est un repas indispensable à la
   bonne forme et au bien-être des e... ”
   Lire la suite

   “ Un peu de thym, une pincée d’aneth... les herbes aromatiques sont
   aujourd’hui presque automatiques. ... ”
   Lire la suite

   “ Chez Picard, la majorité des ventes de produits de la mer sauvages
   porte le label "Pêche durable MSC... ”
   Lire la suite

   Lire la suite

   Lire la suite

   Lire la suite

   “ Découvrez les engagements Picard en matière de produits labellisés,
   de produits élaborés en France e... ”
   Lire la suite

   “ Chaque année, l’agriculture biologique gagne du terrain avec un
   nombre croissant d’exploitants agric... ”
   Lire la suite

   Lire la suite

   “ Plus de 100 références de produits de la mer chez Picard pour se
   faire plaisir, cultiver chaque jour... ”
   Lire la suite

   “ Sources de nombreux nutriments, les produits de la mer sont
   excellents pour la santé. Tour d’horizon... ”
   Lire la suite

   “ Les falafels sont de délicieuses boulettes libanaises cuisinées à
   base de pois chiches, d’aromates, ... ”
   Lire la suite

   “ Cette petite prune ronde à la robe jaune intense arrive à maturité à
   la fin de l’été. Aussi délicieu... ”
   Lire la suite

   “ Avec la gamme + d’équilibre, Picard propose des plats équilibrés qui
   ne transigent pas avec le plais... ”
   Lire la suite

   “ Quel est le secret de la fraîcheur et de la finesse des Saint-Jacques
   françaises de Picard ? Sélecti... ”
   Lire la suite

   “ Avocat, edamame, myrtilles, lentilles, brocolis... Découvrez tous les
   bienfaits de ces savoureux pro... ”
   Lire la suite

   “ Margot est une jeune femme pétillante qui prend la vie côté healthy*
   et la partage généreusement via... ”
   Lire la suite

   “ Picard a mis le cap sur le régime végétarien depuis plusieurs années
   afin d’accompagner les choix al... ”
   Lire la suite

   Lire la suite
   Clicking moves
     * Produits
     * C'est nouveau
     * Prix réduits
     * En cuisine
     * Les légumes
     * Les fruits
     * Les viandes & volailles
     * Les poissons & crustacés
     * Les indispensables du cuisinier
     * À table !
     * Les apéritifs
     * Les entrées, tartes et salades
     * Les plats cuisinés
     * Cuisine évasion
     * Les pains & viennoiseries
     * Les pâtisseries
     * Les glaces & sorbets
     * L'épicerie
     * Des assiettes à part
     * Les jours trop bons
     * Soupes et potages
     * Tout à moins de 3 €
     * Le bio & produits labellisés
     * Les régimes alimentaires

     * Idées à cuisiner
     * Les apéritifs
     * Les entrées
     * Les plats
     * Les desserts
     * La recette du mois
     * L'inspiration Minute
     * Qualité & Savoir-faire
     * Les actualités
     * Tendance et Innovation
     * Santé et Nutrition
     * Conservation et Cuisson
     * Nos Partenaires
     * Picard vous répond
     * Les webdocs

   Magasins
   Retrouvez-nous sur
     * Facebook
     * Twitter
     * Youtube
     * Pinterest
     * Instagram

   Contactez-nous au 0 820 16 00 39 Du lundi au samedi de 8h à 19h.
     * Picard Entreprise
     * Qui sommes nous
     * Les valeurs Picard
     * Picard à votre service
     * Picard en chiffres
     * Travailler chez Picard
     * Recrutement
     * Informations financières / Financial Information
     * Espace Presse

   Rejoignez-nous !
     * Travailler chez Picard
     * Consulter les offres
     * Devenir franchisé Picard

     * Livraison à domicile
       Du lundi au samedi,
       de 7h à  21h selon localités.
     * Recettes & astuces
       Plus de 1500 fiches
       pratiques.
     * Le plus grand choix
       Tous les produits Picard :
       grands classiques et dernières nouveautés.

     * carte bleue
     * Visa
     * Master Card
     * American Express

     * FAQ
     * Guide de navigation
     * Plan du site
     * Contact
     * CGV et CGU du site
     * Conditions du programme picard et moi
     * Données personnelles et cookies

   tarif TTC valable du 16/09/2019 au 20/10/2019 dans nos magasins et en
   livraison à domicile (pour Paris, région parisienne et la plupart des
   grandes villes)
   RichNav Démarer la vidéo Creneaux
   IFRAME: //www.googletagmanager.com/ns.html?id=GTM-WLRN96

   Livraison de surgelés à domicile Picard

Posez votre question*Champs obligatoires

   Vous souhaitez obtenir un renseignement, un complément d'information
   Écrivez-nous tout de suite et nous vous répondons dans les meilleurs
   délais.

   Objet :*
     * Choisir
     * Programme Picard et Moi
     * Demande de catalogue
     * Gestion de compte société
     * Livrez-vous ma localité ?
     * Question sur l'application mobile
     * Question sur le site WEB
     * Réclamation produit
          + - Livraison à domicile
          + - Magasin
     * Réclamation commerciale
          + - Livraison à domicile
          + - Magasin
     * Renseignement magasin
     * Renseignement produit
     * Suivi de commande et livraison
     * Divers
          + - Livraison à domicile
          + - Magasin

   Veuillez sélectionner l'objet de votre demande dans la liste déroulante

   Civilité :* [Monsieur]

   Nom :* ____________________
   Prénom :* ____________________

   E-mail :* ____________________

   Adresse :* ____________________

   Ville :* ____________________

   Code postal :* ____________________

   Magasin :* ____________________

   Code article :* ____________________

   Libellé article :* ____________________

   Société :* ____________________

   Contact :* ____________________

   Numéro de commande :* ____________________

   Numéro de lot :* ____________________

   Question :*
   ____________________________________________________________
   ____________________________________________________________
   ____________________________________________________________
   ____________________________________________________________

   Champ libre :*
   ____________________________________________________________
   ____________________________________________________________
   ____________________________________________________________
   ____________________________________________________________

   (send) Envoyer
   Votre demande a bien été envoyée

   Vos données à caractère personnel font l’objet d’un traitement mis en
   œuvre par la société PICARD SURGELES selon les modalités définies dans
   notre politique de données personnelles. Elles sont traitées sur la
   base de votre consentement afin de répondre à vos questions.

   Seuls ont accès aux données, dans la limite de leurs attributions
   respectives, (i) les services de la société PICARD SURGELES et (ii) les
   prestataires habilités à traiter vos données uniquement pour le compte
   de la société PICARD SURGELES.

   Les données à fournir de manière obligatoire sont indiquées comme
   telles sur le formulaire. Sans ces données, notre société ne sera pas
   en mesure de satisfaire votre demande.

   Conformément à la loi Informatique et libertés du 6 janvier 1978
   modifiée et au règlement européen général sur la protection des données
   à caractère personnel (UE) 2016/679 du 27 avril 2016, vous disposez
   d’un droit d’accès et d’un droit de rectification des données vous
   concernant et, s’ils sont applicables, d’un droit de suppression, d’un
   droit d’opposition au traitement de vos données, d’un droit à
   l’effacement et à la limitation du traitement ainsi que d’un droit à la
   portabilité de vos données. Vous disposez également du droit de définir
   des directives relatives au sort de vos données après votre décès. Vous
   pouvez exercer vos droits, à tout moment, en effectuant une demande
   écrite accompagnée d’un justificatif d’identité par voie électronique à
   l’adresse cnil@picard.fr ou par courrier postal adressé au Service
   Information Consommateur CS 30038 77797 Nemours. A tout moment vous
   pouvez gérer vos abonnements aux services proposés dans la rubrique
   « Mon Compte » sur picard.fr et dans l’application mobile. Vous
   disposez enfin du droit d’introduire une réclamation auprès de la
   Commission nationale de l’informatique et des libertés (Cnil).
   Vos données sont conservées pendant une durée de trois ans à compter de
   leur collecte ou du dernier contact. Les données permettant d'établir
   la preuve d'un droit ou d'un contrat, ou conservées au titre du respect
   d'une obligation légale sont archivées conformément aux dispositions en
   vigueur.




   Lorsque vous naviguez sur notre site internet, des informations sont
   susceptibles d'être enregistrées, ou lues, dans votre terminal, sous
   réserve de vos choix.

   Acceptez-vous le dépôt et la lecture de cookies afin que nous et nos
   partenaires puissions analyser vos centres d'intérêts pour vous
   proposer des publicités personnalisées ?* ( ) Oui ( ) Non

   Acceptez-vous le dépôt et la lecture de cookies afin que nous et nos
   partenaires puissions analyser vos centres d'intérêts pour vous
   proposer des publicités personnalisées ?* ( ) Oui ( ) Non

   Acceptez-vous le dépôt et/ou la lecture de cookies pour vous permettre
   de partager des contenus de notre site avec d'autres personnes ou de
   faire connaître à ces autres personnes votre consultation ou votre
   opinion  (boutons "J'aime" de Facebook par exemple) :* (*) Oui ( ) Non


   Livraison de surgelés à domicile Picard

   Livraison à domicile du Lundi au Samedi de 7h à 21h selon localités.
     * Contactez-nous
     * Appli iPhone et Android

   Vos courses et des idées gourmandes en quelques clics

   Picard&Moi Votre programme de fidélité
   Mon compte
   Rechercher un produi Submit

     *
     * Produits
     * Idées à cuisiner
     * Qualité & savoir-faire
     * Magasins
     * Mon compte
     *
     *
     *

   Vous n'avez pas sélectionné de produit Besoin d'aide ?
   Vous n'avez pas sélectionné de produit Besoin d'aide ?
     *
     *

     * Les rayons
     * Tout afficher

     * En cuisine
     *   Les légumes
     *   Les fruits
     *   Les viandes & volailles
     *   Les poissons & crustacés
     *   Les indispensables du cuisinier

     * À table !
     *   Les apéritifs
     *   Les entrées, tartes et salades
     *   Les plats cuisinés
     *   Cuisine évasion
     *   Les pains & viennoiseries
     *   Les pâtisseries
     *   Les glaces & sorbets
     *   L'épicerie

     * Des assiettes à part
     *   Les jours trop bons
     *   C'est nouveau
     *   Prix réduits
     *   Soupes et potages
     *   Tout à moins de 3 €
     *   Le bio & produits labellisés
     *   Les régimes alimentaires

   Nouveau Tout afficher

   2 soufflés à l'emmental la boîte de 200 g 14.75 €/kg
   2 soufflés à l'emmental
   2.95 €
   Ajouter à ma liste
   [Choisir une liste]
   Fermer
   ____________________ [BUTTON Input] (not implemented)__
   Fermer
   (Ajouter au panier) Ajouter au panier
   Qté ____________________ Plus Moins
   Prix réduits Tout afficher

   Gratin de pâte, épinard, poireau et... la boîte de 200 g 9.00 €/kg
   Gratin de pâte, épinard, poireau et sauce au comté
   1.80 € 2.00 €
   Ajouter à ma liste
   [Choisir une liste]
   Fermer
   ____________________ [BUTTON Input] (not implemented)__
   Fermer
   (Ajouter au panier) Ajouter au panier
   Qté ____________________ Plus Moins
   Fermer
   Découvrez les recettes, les suggestions et les menus pour trouver des
   idées pour chaque plat.
   Idées à cuisiner Tout afficher
     * Les recettes
     * Toutes les recettes

   Les apéritifs Les apéritifs
   Les entrées Les entrées
   Les plats Les plats
   Les desserts Les desserts
     * Les suggestions

   La recette du mois
   La recette du mois

   Velouté de fèves à la menthe
   Découvrir
   L’inspiration Minute
   Fermer
   Les actualités Tout afficher

   La mirabelle de Lorraine : Cette petite prune ronde à la robe jaune
   intense arrive à maturité à la fin de l’été. Aussi délicieuse cuite
   q...
   Lire la suite
   La mirabelle de Lorraine

   La RSE chez Picard : bilan de notre engagement : Picard, un acteur
   engagé en matière de Responsabilité sociale et environnementale....
   Lire la suite
   La RSE chez Picard : bilan de notre engagement
   Picard vous répond
   Qualité et savoir-faire

   Qualité & Savoir-Faire

   Découvrez tous les sujets qui
   nourrissent l'alimentation,
   et nos réponses : petits secrets et grandes vérités au menu.
   Parcourir
     * Tendance et Innovation
       Tendance et Innovation
     * Santé et Nutrition
       Santé et Nutrition
     * Conservation et Cuisson
       Conservation et Cuisson
     * Nos Partenaires
       Nos Partenaires
     * Les webdocs Les webdocs

   Fermer
     * Mon compte
     * Fermer

     * accéder à mon compte
     * Mes paramètres
          + Mes informations personnelles
          + Mes abonnements
          + Mes adresses
          + Mes magasins Picard
          + Mes préférences
     * Mes commandes
          + Consulter mes commandes
     * Mes Favoris
          + Mes recettes
          + Mes listes de courses
          + Mes critères de recherche

   Se déconnecter
   Accueil    /
   Tous les rayons    /
   Tout à moins de 3 €
   Tout à moins de 3 € surgelé
     * Tout à moins de 3 €
     * Changer de rayon
          +  C'est nouveau
          +  Prix réduits
          +  Les légumes
          +  Les fruits
          +  Les viandes & volailles
          +  Les poissons & crustacés
          +  Les indispensables du cuisinier
          +  Les apéritifs
          +  Les entrées, tartes et salades
          +  Les plats cuisinés
          +  Cuisine évasion
          +  Les pains & viennoiseries
          +  Les pâtisseries
          +  Les glaces & sorbets
          +  L'épicerie
          +  Les jours trop bons
          +  Soupes et potages
          +  Tout à moins de 3 €
          +  Le bio & produits labellisés
          +  Les régimes alimentaires

Tout à moins de 3 €

   Découvrez plus de 400 produits à moins de 3 €, pour que chaque repas
   pris en famille, en solo, au saut du lit ou encore entre amis, soit un
   moment savoureux et équilibré. Fidèle à ses engagements, Picard vous
   propose un vaste choix de goûts et de saveurs pour varier les plaisirs
   tout au long de l'année.
   Trouver un produit Tomate, carpaccio, v Submit
   Recherche affinée Utilisez les critères pour trouver le produit de vos
   envies.
   [Mes critèress]
     * Afficher tous les produits
     * Afficher les suggestions du mois

   En cuisine
     * Les légumes
     * Les viandes et volailles
     * Les poissons
     * Les fruits
     * Les indispensables du cuisinier

     *   Les viandes et volailles

   Enregistrer ces critères

   [Nouveau]

   (BUTTON) OK Fermer
   Votre Critère a bien été créé
   Critère mis à jour
   Ce nom de critère existe déjà
   ____________________ (save_criteria) OK Fermer
   6 produits
     *
     *

   Trier par [Pertinence_________]

   2 cordons bleus de poulet la boîte de 200 g 12.00 €/kg
   2 cordons bleus de poulet
   Ajouter à ma liste
   [Choisir une liste]
   Fermer
   ____________________ [BUTTON Input] (not implemented)__
   Fermer
   (Ajouter au panier) Ajouter au panier
   Qté ____________________ Plus Moins
   ª  2.40 €
   Boulettes de viande recette suédoise le sachet de 350 g 8.57 €/kg
   Boulettes de viande recette suédoise
   Ajouter à ma liste
   [Choisir une liste]
   Fermer
   ____________________ [BUTTON Input] (not implemented)__
   Fermer
   (Ajouter au panier) Ajouter au panier
   Qté ____________________ Plus Moins
   ª  3.00 €
   2 boudins noirs aux pommes, cuits la boîte de 250 g 11.60 €/kg
   2 boudins noirs aux pommes, cuits
   Ajouter à ma liste
   [Choisir une liste]
   Fermer
   ____________________ [BUTTON Input] (not implemented)__
   Fermer
   (Ajouter au panier) Ajouter au panier
   Qté ____________________ Plus Moins
   ª  2.90 €
   2 cheeseburgers la boîte de 270 g 8.51 €/kg
   2 cheeseburgers
   Ajouter à ma liste
   [Choisir une liste]
   Fermer
   ____________________ [BUTTON Input] (not implemented)__
   Fermer
   (Ajouter au panier) Ajouter au panier
   Qté ____________________ Plus Moins
   ª  2.30 €
   2 boudins noirs aux oignons, cuits la boîte de 250 g 11.60 €/kg
   2 boudins noirs aux oignons, cuits
   Ajouter à ma liste
   [Choisir une liste]
   Fermer
   ____________________ [BUTTON Input] (not implemented)__
   Fermer
   (Ajouter au panier) Ajouter au panier
   Qté ____________________ Plus Moins
   ª  2.90 €
   8 nuggets de poulet, spécial micro-ondes la boîte de 160 g 13.12 €/kg
   8 nuggets de poulet, spécial micro-ondes
   Ajouter à ma liste
   [Choisir une liste]
   Fermer
   ____________________ [BUTTON Input] (not implemented)__
   Fermer
   (Ajouter au panier) Ajouter au panier
   Qté ____________________ Plus Moins
   ª  2.10 €
   Haut de page
     *
     *

   Trier par [Pertinence_________]

   Clicking moves Picard vous répond

   “ Je viens de regarder un reportage TV qui concernait les "acides gras
   trans", c'est-à-dire hydrogénés... ”
   Lire la suite

   “ Pourriez-vous me confirmer que les informations nutritionnelles
   mentionnées sur vos emballages s’ent... ”
   Lire la suite

   “ Colin d’Alaska, colin lieu, quelles sont les différences ? ”
   Lire la suite

   “ A quoi correspondent exactement les pourcentages des « AJR » qui sont
   indiqués dans certains tableau... ”
   Lire la suite

   “ Picard propose de nombreux plats exotiques. Leur fabrication est-elle
   effectuée en France ? Certains... ”
   Lire la suite

   “ Quelle est la différence entre les mentions "production française" et
   "produit élaboré en France" ”
   Lire la suite

   “ L’emballage des produits BIO comporte 2 types d'informations sur
   l'origine avec une mention « Agric... ”
   Lire la suite

   “ Trouve-t-on des ajouts de conservateurs tels que les sulfites dans
   vos produits ? ”
   Lire la suite

   “ Je trouve le prix de vos filets de sole mer du Nord très élevé en
   comparaison avec les soles fraîche... ”
   Lire la suite

   “ Après cuisson des lobes de foie gras, je constate quelquefois une
   proportion de graisse importante. ... ”
   Lire la suite

   “ Pourquoi y a-t-il de la gélatine de porc dans certains de vos
   desserts glacés ? Est-ce vraiment néce... ”
   Lire la suite

   “ J’aimerais avoir la liste des herbes et aromates qui sont irradiés,
   car sur aucun de vos emballages ... ”
   Lire la suite

   “ Comment puis-je distinguer les poissons d'élevage des poissons
   sauvages parmi les espèces disponible... ”
   Lire la suite

   “ J'ai découvert récemment un nouveau logo pour la viande bovine
   Française. A quoi correspond ce logo ... ”
   Lire la suite

   “ Pourquoi certaines langoustines ont-elles des têtes vertes ? ”
   Lire la suite

   “ Pourquoi vos noix de Saint-Jacques ont-elles quelquefois très peu de
   corail ? Cela nuit à la présent... ”
   Lire la suite

   “ Comment puis-je m’assurer que le thon de couleur rouge que vous
   commercialisez en découpes ou dans l... ”
   Lire la suite

   “ Pourquoi ne trouve-t-on pas de « gambas » dans votre gamme ? Quelle
   est la différence avec des creve... ”
   Lire la suite

   “ Pourquoi ajoutez-vous du sucre dans certains de vos plats cuisinés ?
   Lorsque l'on souhaite réduire s... ”
   Lire la suite

   “ Je consomme beaucoup de légumes surgelés et j’aimerais m’assurer que
   les emballages ne renferment pa... ”
   Lire la suite

   “ Importez-vous des produits du Japon et quelles sont les conséquences
   sanitaires suite à l’incident d... ”
   Lire la suite

   “ J’ai entendu dire que Picard éditait un catalogue en braille pour les
   non-voyants. Qu’en est-il et o... ”
   Lire la suite

   “ Depuis quelques mois vous me livrez à domicile et j’aimerais savoir
   quelle est la quantité maximale ... ”
   Lire la suite

   “ Est-il possible de laver la glacière en coton équitable en machine à
   laver ? ”
   Lire la suite

   “ Je souhaiterais savoir si la teneur en pesticides des fruits et
   légumes que vous vendez est systémat... ”
   Lire la suite

   “ Pouvez-vous me confirmer que des poissons conservés plusieurs mois à
   l’état surgelé ne perdent pas l... ”
   Lire la suite

   “ Pouvez-vous me préciser ce que garantit le « LABEL ROUGE » sur vos
   brochettes de crevettes ? ”
   Lire la suite

   “ Plusieurs distributeurs ont pris la décision de ne plus
   commercialiser certaines espèces de poissons... ”
   Lire la suite

   “ Les mini-brochettes de poulet au miel et au thym sont excellentes,
   mais, surprise quand je découvre ... ”
   Lire la suite

   “ Pouvez-vous me préciser si les mono et diglycérides d’acides gras
   présents dans certains de vos prod... ”
   Lire la suite

   “ Quelle est la différence entre votre nouvelle gamme « Tout bon, tout
   veggie* » et les autres produit... ”
   Lire la suite

   “ Avez-vous des conseils pour décongeler rapidement des filets de
   poisson ? Est-il possible de les lai... ”
   Lire la suite

   “ Certains de vos produits contiennent de l'huile de palme. Quelle est
   votre politique en la matière ? ”
   Lire la suite

   “ Je souhaite savoir si vous réalisez toujours des tests ADN sur les
   viandes utilisées dans vos plats ... ”
   Lire la suite

   “ Que signifient les étoiles qui figurent à côté des dénominations de
   certaines viandes ? ”
   Lire la suite

   “ Pourquoi vos crevettes nordiques présentent souvent des œufs, alors
   que ce n'est jamais le cas pour ... ”
   Lire la suite

   “ J'achète régulièrement des biftecks hachés. J'aimerais savoir
   pourquoi il est écrit sur l'emballage ... ”
   Lire la suite

   “ Pour vos filets de poisson présentés avec peau, les valeurs
   nutritionnelles affichées sur l'emballag... ”
   Lire la suite

   “ Picard propose-t-il des produits sans gluten ? ”
   Lire la suite

   “ Je suis déçu par vos pavés de loup de mer, je ne retrouve pas les
   qualités du loup (bar) que j’ai l’... ”
   Lire la suite

   “ A l’heure du développement durable, pourquoi aller chercher des
   produits aux antipodes comme l’agnea... ”
   Lire la suite

   “ Pouvez-vous me préciser ce que signifie le logo «100% muscle» qui se
   trouve sur les emballages des s... ”
   Lire la suite

   “ Pourquoi tous vos poissons ne portent-ils pas l'écolabel MSC ? ”
   Lire la suite

   “ Pourquoi certains de vos ingrédients apparaissent en gras dans les
   listes d'ingrédients sur vos emba... ”
   Lire la suite

   “ J'ai remarqué que l'emballage des filets de colin lieu MSC, propose
   des informations sur l"origine e... ”
   Lire la suite

   “ Pourquoi avez-vous changé la recette de la quiche lorraine, qui est
   d'ailleurs plus chère qu'avant ? ”
   Lire la suite

   “ Comment savoir où sont fabriqués vos produits et d'où viennent les
   ingrédients utilisés dans les pré... ”
   Lire la suite

   “ J'ai remarqué que les sachets de julienne de légumes présentent
   souvent des blocs agglomérés et du g... ”
   Lire la suite

   “ Les légumes surgelés ont-ils des qualités nutritionnelles
   équivalentes aux légumes frais ? ”
   Lire la suite

   “ Vous vendez déjà des brochettes toutes prêtes. Avez-vous une offre si
   on souhaite les faire soi-même... ”
   Lire la suite

   “ Est-ce possible d’utiliser vos poissons pour une consommation crue,
   pour confectionner des sushis pa... ”
   Lire la suite

   “ J’aimerais en savoir plus sur vos engagements et vos actions pour le
   climat ? ”
   Lire la suite

   “ J’ai découvert récemment vos pavés de bonite à ventre rayé : vu l...
   ”
   Lire la suite

   “ J'ai remarqué un nouveau label sur vos produits de la mer, que
   signifie ASC ? ”
   Lire la suite

   “ Pourquoi l’emballage des myrtilles bio préconise-t-il de cuire les
   fruits ? N’est-il pas possible de... ”
   Lire la suite

   “ Quelle est la différence entre un produit congelé et un produit
   surgelé ? ”
   Lire la suite

   “ Où s’inscrire au programme de fidélité ? ”
   Lire la suite

   “ Comment trouver la liste d’ingrédient ou les valeurs nutritionnelles
   d’un produit ? ”
   Lire la suite

   “ Comment contacter le service consommateur ? ”
   Lire la suite

   “ Comment trouver le magasin le plus proche de chez moi ? ”
   Lire la suite

   “ Est-il possible de commander des chèques cadeaux Picard ? ”
   Lire la suite

   “ Puis-je payer en ticket restaurant mes achats ? ”
   Lire la suite

   “ Comment ajouter des produits à ma commande ? ”
   Lire la suite

   “ Mon code promo ne fonctionne pas ”
   Lire la suite

   “ Quelle est la date de validité des promotions ? ”
   Lire la suite

   “ Peut-on retirer sa commande en magasin ? ”
   Lire la suite

   “ J’aimerais des précisions sur la mention qui figure sur tous vos
   emballages «ne jamais recongeler un... ”
   Lire la suite

   “ Je suis bloqué sur ma commande, que faire ? ”
   Lire la suite

   “ Quel est le montant minimum pour se faire livrer ? ”
   Lire la suite

   “ Un décret récent impose l’indication de l’origine des viandes dans
   les produits pr&eac... ”
   Lire la suite

   “ Votre mélange de légumes pour potage est très pratique pour élaborer
   rap... ”
   Lire la suite

   “ Récemment, j’ai lu plusieurs articles concernant la dangerosité de
   l’additif dioxyde de titane : pou... ”
   Lire la suite

   “ Je trouve que certains de vos produits ont des emballages superflus,
   ce qui va à l’encontre des préo... ”
   Lire la suite

   “ J’achète régulièrement des Saint-Jacques qui viennent de pays
   éloignés (Chili, Argentine …), mais je... ”
   Lire la suite
   Clicking moves
   Clicking moves Santé & Nutrition

   “ Qui se cache réellement derrière ce que l’on appelle « légumes » ?
   Entre haricots verts, épinards, p... ”
   Lire la suite

   “ Manger cinq fruits et légumes par jour, c’est facile toute l’année.
   Mais pour profiter de leur saveu... ”
   Lire la suite

   “ Les français consomment en moyenne 10 g / jour de sel alors que les
   besoins sont évalués à 3 à 5 g /... ”
   Lire la suite

   “ Rien de tel qu’un grand bol de potage chaud pour se réchauffer et se
   réconforter. Mais saviez-vous q... ”
   Lire la suite

   “ Calorique, grasse, lourde... La pomme de terre n’a pas la vie facile
   avec toutes ces idées reçues ! ... ”
   Lire la suite

   “ Les sulfites : derrière ce nom bien étrange se cache un ingrédient
   que l’on retrouve tous les jours ... ”
   Lire la suite

   Lire la suite

   “ Depuis 35 ans, Picard engage tout son savoir-faire et son exigence
   pour garantir des produits de qua... ”
   Lire la suite

   “ Des poivrons en janvier, du concombre en novembre, c’est possible !
   Avec une gamme de 87 variétés de... ”
   Lire la suite

   “ Une noisette de beurre, un filet d’huile d’olive... Les matières
   grasses sont recommandées pour fair... ”
   Lire la suite

   “ Aujourd’hui, chaque français consomme, par an, 29 kilos de poissons,
   coquillages et crustacés. Soit ... ”
   Lire la suite

   “ « Faible teneur en sucres », « pauvre en sodium », « riche en
   minéraux », « allégé »... Les allégati... ”
   Lire la suite

   “ « Amines = nécessaires à la vie », les vitamines sont des molécules
   indispensables au bon fonctionne... ”
   Lire la suite

   Lire la suite

   “ Voilà plus de 20 ans déjà que Picard nous propose un pain
   croustillant et moelleux à cœur. Avec les ... ”
   Lire la suite

   “ De l’entrée au dessert, Picard vous propose désormais une gamme de
   marques crées pour les régimes sa... ”
   Lire la suite

   “ Les produits de la mer sont la matière première la plus
   commercialisée au monde. Au cours des 50 der... ”
   Lire la suite

   “ Le petit-déjeuner est le repas le plus important de la journée. Il
   évite le coup de fatigue de 11h e... ”
   Lire la suite

   “ Picard a mis en place des processus permettant d’offrir un poisson
   extra-frais, notamment issu d’une... ”
   Lire la suite

   “ La notion d'agriculture biologique n'est pas récente : ses principes
   ont été introduits en France ap... ”
   Lire la suite

   “ Partout en Asie, les légumes ont la part belle. On en profite pour
   découvrir le beau mélange de légu... ”
   Lire la suite

   “ Si le calcium est associé aux produits laitiers, saviez-vous que
   d'autres aliments comme le chou ou ... ”
   Lire la suite

   “ L’Auvergne est une région d’élevage de bovins qui produit une viande
   reconnue pour ses saveurs excep... ”
   Lire la suite

   “ Hautes qualités gustatives et nutritionnelles, grande fraîcheur,
   facilité d’utilisation… les produit... ”
   Lire la suite

   “ La fréquence des allergies alimentaires a doublé en 5 ans. Entre 4 et
   8,5% des enfants de moins de 3... ”
   Lire la suite

   Lire la suite

   “ L’Alaska est une terre du bout du monde. Dans ses eaux pures, on ne
   trouve que du poisson sauvage pê... ”
   Lire la suite

   Lire la suite

   Lire la suite

   “ Les amateurs de poissons crus sont de plus en plus nombreux en
   France. Rien de tel en effet pour ret... ”
   Lire la suite

   “ Comme le petit-déjeuner, le goûter est un repas indispensable à la
   bonne forme et au bien-être des e... ”
   Lire la suite

   “ Un peu de thym, une pincée d’aneth... les herbes aromatiques sont
   aujourd’hui presque automatiques. ... ”
   Lire la suite

   “ Chez Picard, la majorité des ventes de produits de la mer sauvages
   porte le label "Pêche durable MSC... ”
   Lire la suite

   Lire la suite

   Lire la suite

   Lire la suite

   “ Découvrez les engagements Picard en matière de produits labellisés,
   de produits élaborés en France e... ”
   Lire la suite

   “ Chaque année, l’agriculture biologique gagne du terrain avec un
   nombre croissant d’exploitants agric... ”
   Lire la suite

   Lire la suite

   “ Plus de 100 références de produits de la mer chez Picard pour se
   faire plaisir, cultiver chaque jour... ”
   Lire la suite

   “ Sources de nombreux nutriments, les produits de la mer sont
   excellents pour la santé. Tour d’horizon... ”
   Lire la suite

   “ Les falafels sont de délicieuses boulettes libanaises cuisinées à
   base de pois chiches, d’aromates, ... ”
   Lire la suite

   “ Cette petite prune ronde à la robe jaune intense arrive à maturité à
   la fin de l’été. Aussi délicieu... ”
   Lire la suite

   “ Avec la gamme + d’équilibre, Picard propose des plats équilibrés qui
   ne transigent pas avec le plais... ”
   Lire la suite

   “ Quel est le secret de la fraîcheur et de la finesse des Saint-Jacques
   françaises de Picard ? Sélecti... ”
   Lire la suite

   “ Avocat, edamame, myrtilles, lentilles, brocolis... Découvrez tous les
   bienfaits de ces savoureux pro... ”
   Lire la suite

   “ Margot est une jeune femme pétillante qui prend la vie côté healthy*
   et la partage généreusement via... ”
   Lire la suite

   “ Picard a mis le cap sur le régime végétarien depuis plusieurs années
   afin d’accompagner les choix al... ”
   Lire la suite

   Lire la suite
   Clicking moves
     * Produits
     * C'est nouveau
     * Prix réduits
     * En cuisine
     * Les légumes
     * Les fruits
     * Les viandes & volailles
     * Les poissons & crustacés
     * Les indispensables du cuisinier
     * À table !
     * Les apéritifs
     * Les entrées, tartes et salades
     * Les plats cuisinés
     * Cuisine évasion
     * Les pains & viennoiseries
     * Les pâtisseries
     * Les glaces & sorbets
     * L'épicerie
     * Des assiettes à part
     * Les jours trop bons
     * Soupes et potages
     * Tout à moins de 3 €
     * Le bio & produits labellisés
     * Les régimes alimentaires

     * Idées à cuisiner
     * Les apéritifs
     * Les entrées
     * Les plats
     * Les desserts
     * La recette du mois
     * L'inspiration Minute
     * Qualité & Savoir-faire
     * Les actualités
     * Tendance et Innovation
     * Santé et Nutrition
     * Conservation et Cuisson
     * Nos Partenaires
     * Picard vous répond
     * Les webdocs

   Magasins
   Retrouvez-nous sur
     * Facebook
     * Twitter
     * Youtube
     * Pinterest
     * Instagram

   Contactez-nous au 0 820 16 00 39 Du lundi au samedi de 8h à 19h.
     * Picard Entreprise
     * Qui sommes nous
     * Les valeurs Picard
     * Picard à votre service
     * Picard en chiffres
     * Travailler chez Picard
     * Recrutement
     * Informations financières / Financial Information
     * Espace Presse

   Rejoignez-nous !
     * Travailler chez Picard
     * Consulter les offres
     * Devenir franchisé Picard

     * Livraison à domicile
       Du lundi au samedi,
       de 7h à  21h selon localités.
     * Recettes & astuces
       Plus de 1500 fiches
       pratiques.
     * Le plus grand choix
       Tous les produits Picard :
       grands classiques et dernières nouveautés.

     * carte bleue
     * Visa
     * Master Card
     * American Express

     * FAQ
     * Guide de navigation
     * Plan du site
     * Contact
     * CGV et CGU du site
     * Conditions du programme picard et moi
     * Données personnelles et cookies

   tarif TTC valable du 16/09/2019 au 20/10/2019 dans nos magasins et en
   livraison à domicile (pour Paris, région parisienne et la plupart des
   grandes villes)
   RichNav Démarer la vidéo Creneaux
   IFRAME: //www.googletagmanager.com/ns.html?id=GTM-WLRN96

   Livraison de surgelés à domicile Picard

Posez votre question*Champs obligatoires

   Vous souhaitez obtenir un renseignement, un complément d'information
   Écrivez-nous tout de suite et nous vous répondons dans les meilleurs
   délais.

   Objet :*
     * Choisir
     * Programme Picard et Moi
     * Demande de catalogue
     * Gestion de compte société
     * Livrez-vous ma localité ?
     * Question sur l'application mobile
     * Question sur le site WEB
     * Réclamation produit
          + - Livraison à domicile
          + - Magasin
     * Réclamation commerciale
          + - Livraison à domicile
          + - Magasin
     * Renseignement magasin
     * Renseignement produit
     * Suivi de commande et livraison
     * Divers
          + - Livraison à domicile
          + - Magasin

   Veuillez sélectionner l'objet de votre demande dans la liste déroulante

   Civilité :* [Monsieur]

   Nom :* ____________________
   Prénom :* ____________________

   E-mail :* ____________________

   Adresse :* ____________________

   Ville :* ____________________

   Code postal :* ____________________

   Magasin :* ____________________

   Code article :* ____________________

   Libellé article :* ____________________

   Société :* ____________________

   Contact :* ____________________

   Numéro de commande :* ____________________

   Numéro de lot :* ____________________

   Question :*
   ____________________________________________________________
   ____________________________________________________________
   ____________________________________________________________
   ____________________________________________________________

   Champ libre :*
   ____________________________________________________________
   ____________________________________________________________
   ____________________________________________________________
   ____________________________________________________________

   (send) Envoyer
   Votre demande a bien été envoyée

   Vos données à caractère personnel font l’objet d’un traitement mis en
   œuvre par la société PICARD SURGELES selon les modalités définies dans
   notre politique de données personnelles. Elles sont traitées sur la
   base de votre consentement afin de répondre à vos questions.

   Seuls ont accès aux données, dans la limite de leurs attributions
   respectives, (i) les services de la société PICARD SURGELES et (ii) les
   prestataires habilités à traiter vos données uniquement pour le compte
   de la société PICARD SURGELES.

   Les données à fournir de manière obligatoire sont indiquées comme
   telles sur le formulaire. Sans ces données, notre société ne sera pas
   en mesure de satisfaire votre demande.

   Conformément à la loi Informatique et libertés du 6 janvier 1978
   modifiée et au règlement européen général sur la protection des données
   à caractère personnel (UE) 2016/679 du 27 avril 2016, vous disposez
   d’un droit d’accès et d’un droit de rectification des données vous
   concernant et, s’ils sont applicables, d’un droit de suppression, d’un
   droit d’opposition au traitement de vos données, d’un droit à
   l’effacement et à la limitation du traitement ainsi que d’un droit à la
   portabilité de vos données. Vous disposez également du droit de définir
   des directives relatives au sort de vos données après votre décès. Vous
   pouvez exercer vos droits, à tout moment, en effectuant une demande
   écrite accompagnée d’un justificatif d’identité par voie électronique à
   l’adresse cnil@picard.fr ou par courrier postal adressé au Service
   Information Consommateur CS 30038 77797 Nemours. A tout moment vous
   pouvez gérer vos abonnements aux services proposés dans la rubrique
   « Mon Compte » sur picard.fr et dans l’application mobile. Vous
   disposez enfin du droit d’introduire une réclamation auprès de la
   Commission nationale de l’informatique et des libertés (Cnil).
   Vos données sont conservées pendant une durée de trois ans à compter de
   leur collecte ou du dernier contact. Les données permettant d'établir
   la preuve d'un droit ou d'un contrat, ou conservées au titre du respect
   d'une obligation légale sont archivées conformément aux dispositions en
   vigueur.




   Lorsque vous naviguez sur notre site internet, des informations sont
   susceptibles d'être enregistrées, ou lues, dans votre terminal, sous
   réserve de vos choix.

   Acceptez-vous le dépôt et la lecture de cookies afin que nous et nos
   partenaires puissions analyser vos centres d'intérêts pour vous
   proposer des publicités personnalisées ?* ( ) Oui ( ) Non

   Acceptez-vous le dépôt et la lecture de cookies afin que nous et nos
   partenaires puissions analyser vos centres d'intérêts pour vous
   proposer des publicités personnalisées ?* ( ) Oui ( ) Non

   Acceptez-vous le dépôt et/ou la lecture de cookies pour vous permettre
   de partager des contenus de notre site avec d'autres personnes ou de
   faire connaître à ces autres personnes votre consultation ou votre
   opinion  (boutons "J'aime" de Facebook par exemple) :* (*) Oui ( ) Non


   Livraison de surgelés à domicile Picard

   Livraison à domicile du Lundi au Samedi de 7h à 21h selon localités.
     * Contactez-nous
     * Appli iPhone et Android

   Vos courses et des idées gourmandes en quelques clics

   Picard&Moi Votre programme de fidélité
   Mon compte
   Rechercher un produi Submit

     *
     * Produits
     * Idées à cuisiner
     * Qualité & savoir-faire
     * Magasins
     * Mon compte
     *
     *
     *

   Vous n'avez pas sélectionné de produit Besoin d'aide ?
   Vous n'avez pas sélectionné de produit Besoin d'aide ?
     *
     *

     * Les rayons
     * Tout afficher

     * En cuisine
     *   Les légumes
     *   Les fruits
     *   Les viandes & volailles
     *   Les poissons & crustacés
     *   Les indispensables du cuisinier

     * À table !
     *   Les apéritifs
     *   Les entrées, tartes et salades
     *   Les plats cuisinés
     *   Cuisine évasion
     *   Les pains & viennoiseries
     *   Les pâtisseries
     *   Les glaces & sorbets
     *   L'épicerie

     * Des assiettes à part
     *   Les jours trop bons
     *   C'est nouveau
     *   Prix réduits
     *   Soupes et potages
     *   Tout à moins de 3 €
     *   Le bio & produits labellisés
     *   Les régimes alimentaires

   Nouveau Tout afficher

   Pizza à la tomate et au basilic la boîte de 565 g 8.76 €/kg
   Pizza à la tomate et au basilic
   3.71 €
   Ajouter à ma liste
   [Choisir une liste]
   Fermer
   ____________________ [BUTTON Input] (not implemented)__
   Fermer
   (Ajouter au panier) Ajouter au panier
   Qté ____________________ Plus Moins
   Prix réduits Tout afficher

   4 escalopes de veau haché la boîte de 400 g 14.87 €/kg
   4 escalopes de veau haché
   5.95 € 6.95 €
   Ajouter à ma liste
   [Choisir une liste]
   Fermer
   ____________________ [BUTTON Input] (not implemented)__
   Fermer
   (Ajouter au panier) Ajouter au panier
   Qté ____________________ Plus Moins
   Fermer
   Découvrez les recettes, les suggestions et les menus pour trouver des
   idées pour chaque plat.
   Idées à cuisiner Tout afficher
     * Les recettes
     * Toutes les recettes

   Les apéritifs Les apéritifs
   Les entrées Les entrées
   Les plats Les plats
   Les desserts Les desserts
     * Les suggestions

   La recette du mois
   La recette du mois

   Velouté de fèves à la menthe
   Découvrir
   L’inspiration Minute
   Fermer
   Les actualités Tout afficher

   La mirabelle de Lorraine : Cette petite prune ronde à la robe jaune
   intense arrive à maturité à la fin de l’été. Aussi délicieuse cuite
   q...
   Lire la suite
   La mirabelle de Lorraine

   La RSE chez Picard : bilan de notre engagement : Picard, un acteur
   engagé en matière de Responsabilité sociale et environnementale....
   Lire la suite
   La RSE chez Picard : bilan de notre engagement
   Picard vous répond
   Qualité et savoir-faire

   Qualité & Savoir-Faire

   Découvrez tous les sujets qui
   nourrissent l'alimentation,
   et nos réponses : petits secrets et grandes vérités au menu.
   Parcourir
     * Tendance et Innovation
       Tendance et Innovation
     * Santé et Nutrition
       Santé et Nutrition
     * Conservation et Cuisson
       Conservation et Cuisson
     * Nos Partenaires
       Nos Partenaires
     * Les webdocs Les webdocs

   Fermer
     * Mon compte
     * Fermer

     * accéder à mon compte
     * Mes paramètres
          + Mes informations personnelles
          + Mes abonnements
          + Mes adresses
          + Mes magasins Picard
          + Mes préférences
     * Mes commandes
          + Consulter mes commandes
     * Mes Favoris
          + Mes recettes
          + Mes listes de courses
          + Mes critères de recherche

   Se déconnecter
   Accueil    /
   Tous les rayons    /
   Tout à moins de 3 €
   Tout à moins de 3 € surgelé
     * Tout à moins de 3 €
     * Changer de rayon
          +  C'est nouveau
          +  Prix réduits
          +  Les légumes
          +  Les fruits
          +  Les viandes & volailles
          +  Les poissons & crustacés
          +  Les indispensables du cuisinier
          +  Les apéritifs
          +  Les entrées, tartes et salades
          +  Les plats cuisinés
          +  Cuisine évasion
          +  Les pains & viennoiseries
          +  Les pâtisseries
          +  Les glaces & sorbets
          +  L'épicerie
          +  Les jours trop bons
          +  Soupes et potages
          +  Tout à moins de 3 €
          +  Le bio & produits labellisés
          +  Les régimes alimentaires

Tout à moins de 3 €

   Découvrez plus de 400 produits à moins de 3 €, pour que chaque repas
   pris en famille, en solo, au saut du lit ou encore entre amis, soit un
   moment savoureux et équilibré. Fidèle à ses engagements, Picard vous
   propose un vaste choix de goûts et de saveurs pour varier les plaisirs
   tout au long de l'année.
   Trouver un produit Tomate, carpaccio, v Submit
   Recherche affinée Utilisez les critères pour trouver le produit de vos
   envies.
   [Mes critèress]
     * Afficher tous les produits
     * Afficher les suggestions du mois

   En cuisine
     * Les légumes
     * Les viandes et volailles
     * Les poissons
     * Les fruits
     * Les indispensables du cuisinier

   A table !
     * Les apéritifs
     * Les entrées et tartes
     * Les plats cuisinés
     * La cuisine évasion
     * Les pains et viennoiseries
     * Les pâtisseries
     * Les glaces et sorbets
     * L'épicerie

     *   Les poissons

   Enregistrer ces critères

   [Nouveau]

   (BUTTON) OK Fermer
   Votre Critère a bien été créé
   Critère mis à jour
   Ce nom de critère existe déjà
   ____________________ (save_criteria) OK Fermer
   3 produits
     *
     *

   Trier par [Pertinence_________]

   15 bâtonnets de colin d'Alaska MSC,... la boîte de 450 g 6.44 €/kg
   15 bâtonnets de colin d'Alaska MSC, pré-frits
   Ajouter à ma liste
   [Choisir une liste]
   Fermer
   ____________________ [BUTTON Input] (not implemented)__
   Fermer
   (Ajouter au panier) Ajouter au panier
   Qté ____________________ Plus Moins
   ª  2.90 €
   Colin d'Alaska MSC à la Bordelaise la boîte de 400 g 7.37 €/kg
   Colin d'Alaska MSC à la Bordelaise
   Ajouter à ma liste
   [Choisir une liste]
   Fermer
   ____________________ [BUTTON Input] (not implemented)__
   Fermer
   (Ajouter au panier) Ajouter au panier
   Qté ____________________ Plus Moins
   ª  2.95 €
   Colin d'Alaska MSC sauce beurre citron la boîte de 400 g 7.12 €/kg
   Colin d'Alaska MSC sauce beurre citron
   Ajouter à ma liste
   [Choisir une liste]
   Fermer
   ____________________ [BUTTON Input] (not implemented)__
   Fermer
   (Ajouter au panier) Ajouter au panier
   Qté ____________________ Plus Moins
   ª  2.85 €
   Haut de page
     *
     *

   Trier par [Pertinence_________]

   Clicking moves Picard vous répond

   “ Je viens de regarder un reportage TV qui concernait les "acides gras
   trans", c'est-à-dire hydrogénés... ”
   Lire la suite

   “ Pourriez-vous me confirmer que les informations nutritionnelles
   mentionnées sur vos emballages s’ent... ”
   Lire la suite

   “ Colin d’Alaska, colin lieu, quelles sont les différences ? ”
   Lire la suite

   “ A quoi correspondent exactement les pourcentages des « AJR » qui sont
   indiqués dans certains tableau... ”
   Lire la suite

   “ Picard propose de nombreux plats exotiques. Leur fabrication est-elle
   effectuée en France ? Certains... ”
   Lire la suite

   “ Quelle est la différence entre les mentions "production française" et
   "produit élaboré en France" ”
   Lire la suite

   “ L’emballage des produits BIO comporte 2 types d'informations sur
   l'origine avec une mention « Agric... ”
   Lire la suite

   “ Trouve-t-on des ajouts de conservateurs tels que les sulfites dans
   vos produits ? ”
   Lire la suite

   “ Je trouve le prix de vos filets de sole mer du Nord très élevé en
   comparaison avec les soles fraîche... ”
   Lire la suite

   “ Après cuisson des lobes de foie gras, je constate quelquefois une
   proportion de graisse importante. ... ”
   Lire la suite

   “ Pourquoi y a-t-il de la gélatine de porc dans certains de vos
   desserts glacés ? Est-ce vraiment néce... ”
   Lire la suite

   “ J’aimerais avoir la liste des herbes et aromates qui sont irradiés,
   car sur aucun de vos emballages ... ”
   Lire la suite

   “ Comment puis-je distinguer les poissons d'élevage des poissons
   sauvages parmi les espèces disponible... ”
   Lire la suite

   “ J'ai découvert récemment un nouveau logo pour la viande bovine
   Française. A quoi correspond ce logo ... ”
   Lire la suite

   “ Pourquoi certaines langoustines ont-elles des têtes vertes ? ”
   Lire la suite

   “ Pourquoi vos noix de Saint-Jacques ont-elles quelquefois très peu de
   corail ? Cela nuit à la présent... ”
   Lire la suite

   “ Comment puis-je m’assurer que le thon de couleur rouge que vous
   commercialisez en découpes ou dans l... ”
   Lire la suite

   “ Pourquoi ne trouve-t-on pas de « gambas » dans votre gamme ? Quelle
   est la différence avec des creve... ”
   Lire la suite

   “ Pourquoi ajoutez-vous du sucre dans certains de vos plats cuisinés ?
   Lorsque l'on souhaite réduire s... ”
   Lire la suite

   “ Je consomme beaucoup de légumes surgelés et j’aimerais m’assurer que
   les emballages ne renferment pa... ”
   Lire la suite

   “ Importez-vous des produits du Japon et quelles sont les conséquences
   sanitaires suite à l’incident d... ”
   Lire la suite

   “ J’ai entendu dire que Picard éditait un catalogue en braille pour les
   non-voyants. Qu’en est-il et o... ”
   Lire la suite

   “ Depuis quelques mois vous me livrez à domicile et j’aimerais savoir
   quelle est la quantité maximale ... ”
   Lire la suite

   “ Est-il possible de laver la glacière en coton équitable en machine à
   laver ? ”
   Lire la suite

   “ Je souhaiterais savoir si la teneur en pesticides des fruits et
   légumes que vous vendez est systémat... ”
   Lire la suite

   “ Pouvez-vous me confirmer que des poissons conservés plusieurs mois à
   l’état surgelé ne perdent pas l... ”
   Lire la suite

   “ Pouvez-vous me préciser ce que garantit le « LABEL ROUGE » sur vos
   brochettes de crevettes ? ”
   Lire la suite

   “ Plusieurs distributeurs ont pris la décision de ne plus
   commercialiser certaines espèces de poissons... ”
   Lire la suite

   “ Les mini-brochettes de poulet au miel et au thym sont excellentes,
   mais, surprise quand je découvre ... ”
   Lire la suite

   “ Pouvez-vous me préciser si les mono et diglycérides d’acides gras
   présents dans certains de vos prod... ”
   Lire la suite

   “ Quelle est la différence entre votre nouvelle gamme « Tout bon, tout
   veggie* » et les autres produit... ”
   Lire la suite

   “ Avez-vous des conseils pour décongeler rapidement des filets de
   poisson ? Est-il possible de les lai... ”
   Lire la suite

   “ Certains de vos produits contiennent de l'huile de palme. Quelle est
   votre politique en la matière ? ”
   Lire la suite

   “ Je souhaite savoir si vous réalisez toujours des tests ADN sur les
   viandes utilisées dans vos plats ... ”
   Lire la suite

   “ Que signifient les étoiles qui figurent à côté des dénominations de
   certaines viandes ? ”
   Lire la suite

   “ Pourquoi vos crevettes nordiques présentent souvent des œufs, alors
   que ce n'est jamais le cas pour ... ”
   Lire la suite

   “ J'achète régulièrement des biftecks hachés. J'aimerais savoir
   pourquoi il est écrit sur l'emballage ... ”
   Lire la suite

   “ Pour vos filets de poisson présentés avec peau, les valeurs
   nutritionnelles affichées sur l'emballag... ”
   Lire la suite

   “ Picard propose-t-il des produits sans gluten ? ”
   Lire la suite

   “ Je suis déçu par vos pavés de loup de mer, je ne retrouve pas les
   qualités du loup (bar) que j’ai l’... ”
   Lire la suite

   “ A l’heure du développement durable, pourquoi aller chercher des
   produits aux antipodes comme l’agnea... ”
   Lire la suite

   “ Pouvez-vous me préciser ce que signifie le logo «100% muscle» qui se
   trouve sur les emballages des s... ”
   Lire la suite

   “ Pourquoi tous vos poissons ne portent-ils pas l'écolabel MSC ? ”
   Lire la suite

   “ Pourquoi certains de vos ingrédients apparaissent en gras dans les
   listes d'ingrédients sur vos emba... ”
   Lire la suite

   “ J'ai remarqué que l'emballage des filets de colin lieu MSC, propose
   des informations sur l"origine e... ”
   Lire la suite

   “ Pourquoi avez-vous changé la recette de la quiche lorraine, qui est
   d'ailleurs plus chère qu'avant ? ”
   Lire la suite

   “ Comment savoir où sont fabriqués vos produits et d'où viennent les
   ingrédients utilisés dans les pré... ”
   Lire la suite

   “ J'ai remarqué que les sachets de julienne de légumes présentent
   souvent des blocs agglomérés et du g... ”
   Lire la suite

   “ Les légumes surgelés ont-ils des qualités nutritionnelles
   équivalentes aux légumes frais ? ”
   Lire la suite

   “ Vous vendez déjà des brochettes toutes prêtes. Avez-vous une offre si
   on souhaite les faire soi-même... ”
   Lire la suite

   “ Est-ce possible d’utiliser vos poissons pour une consommation crue,
   pour confectionner des sushis pa... ”
   Lire la suite

   “ J’aimerais en savoir plus sur vos engagements et vos actions pour le
   climat ? ”
   Lire la suite

   “ J’ai découvert récemment vos pavés de bonite à ventre rayé : vu l...
   ”
   Lire la suite

   “ J'ai remarqué un nouveau label sur vos produits de la mer, que
   signifie ASC ? ”
   Lire la suite

   “ Pourquoi l’emballage des myrtilles bio préconise-t-il de cuire les
   fruits ? N’est-il pas possible de... ”
   Lire la suite

   “ Quelle est la différence entre un produit congelé et un produit
   surgelé ? ”
   Lire la suite

   “ Où s’inscrire au programme de fidélité ? ”
   Lire la suite

   “ Comment trouver la liste d’ingrédient ou les valeurs nutritionnelles
   d’un produit ? ”
   Lire la suite

   “ Comment contacter le service consommateur ? ”
   Lire la suite

   “ Comment trouver le magasin le plus proche de chez moi ? ”
   Lire la suite

   “ Est-il possible de commander des chèques cadeaux Picard ? ”
   Lire la suite

   “ Puis-je payer en ticket restaurant mes achats ? ”
   Lire la suite

   “ Comment ajouter des produits à ma commande ? ”
   Lire la suite

   “ Mon code promo ne fonctionne pas ”
   Lire la suite

   “ Quelle est la date de validité des promotions ? ”
   Lire la suite

   “ Peut-on retirer sa commande en magasin ? ”
   Lire la suite

   “ J’aimerais des précisions sur la mention qui figure sur tous vos
   emballages «ne jamais recongeler un... ”
   Lire la suite

   “ Je suis bloqué sur ma commande, que faire ? ”
   Lire la suite

   “ Quel est le montant minimum pour se faire livrer ? ”
   Lire la suite

   “ Un décret récent impose l’indication de l’origine des viandes dans
   les produits pr&eac... ”
   Lire la suite

   “ Votre mélange de légumes pour potage est très pratique pour élaborer
   rap... ”
   Lire la suite

   “ Récemment, j’ai lu plusieurs articles concernant la dangerosité de
   l’additif dioxyde de titane : pou... ”
   Lire la suite

   “ Je trouve que certains de vos produits ont des emballages superflus,
   ce qui va à l’encontre des préo... ”
   Lire la suite

   “ J’achète régulièrement des Saint-Jacques qui viennent de pays
   éloignés (Chili, Argentine …), mais je... ”
   Lire la suite
   Clicking moves
   Clicking moves Santé & Nutrition

   “ Qui se cache réellement derrière ce que l’on appelle « légumes » ?
   Entre haricots verts, épinards, p... ”
   Lire la suite

   “ Manger cinq fruits et légumes par jour, c’est facile toute l’année.
   Mais pour profiter de leur saveu... ”
   Lire la suite

   “ Les français consomment en moyenne 10 g / jour de sel alors que les
   besoins sont évalués à 3 à 5 g /... ”
   Lire la suite

   “ Rien de tel qu’un grand bol de potage chaud pour se réchauffer et se
   réconforter. Mais saviez-vous q... ”
   Lire la suite

   “ Calorique, grasse, lourde... La pomme de terre n’a pas la vie facile
   avec toutes ces idées reçues ! ... ”
   Lire la suite

   “ Les sulfites : derrière ce nom bien étrange se cache un ingrédient
   que l’on retrouve tous les jours ... ”
   Lire la suite

   Lire la suite

   “ Depuis 35 ans, Picard engage tout son savoir-faire et son exigence
   pour garantir des produits de qua... ”
   Lire la suite

   “ Des poivrons en janvier, du concombre en novembre, c’est possible !
   Avec une gamme de 87 variétés de... ”
   Lire la suite

   “ Une noisette de beurre, un filet d’huile d’olive... Les matières
   grasses sont recommandées pour fair... ”
   Lire la suite

   “ Aujourd’hui, chaque français consomme, par an, 29 kilos de poissons,
   coquillages et crustacés. Soit ... ”
   Lire la suite

   “ « Faible teneur en sucres », « pauvre en sodium », « riche en
   minéraux », « allégé »... Les allégati... ”
   Lire la suite

   “ « Amines = nécessaires à la vie », les vitamines sont des molécules
   indispensables au bon fonctionne... ”
   Lire la suite

   Lire la suite

   “ Voilà plus de 20 ans déjà que Picard nous propose un pain
   croustillant et moelleux à cœur. Avec les ... ”
   Lire la suite

   “ De l’entrée au dessert, Picard vous propose désormais une gamme de
   marques crées pour les régimes sa... ”
   Lire la suite

   “ Les produits de la mer sont la matière première la plus
   commercialisée au monde. Au cours des 50 der... ”
   Lire la suite

   “ Le petit-déjeuner est le repas le plus important de la journée. Il
   évite le coup de fatigue de 11h e... ”
   Lire la suite

   “ Picard a mis en place des processus permettant d’offrir un poisson
   extra-frais, notamment issu d’une... ”
   Lire la suite

   “ La notion d'agriculture biologique n'est pas récente : ses principes
   ont été introduits en France ap... ”
   Lire la suite

   “ Partout en Asie, les légumes ont la part belle. On en profite pour
   découvrir le beau mélange de légu... ”
   Lire la suite

   “ Si le calcium est associé aux produits laitiers, saviez-vous que
   d'autres aliments comme le chou ou ... ”
   Lire la suite

   “ L’Auvergne est une région d’élevage de bovins qui produit une viande
   reconnue pour ses saveurs excep... ”
   Lire la suite

   “ Hautes qualités gustatives et nutritionnelles, grande fraîcheur,
   facilité d’utilisation… les produit... ”
   Lire la suite

   “ La fréquence des allergies alimentaires a doublé en 5 ans. Entre 4 et
   8,5% des enfants de moins de 3... ”
   Lire la suite

   Lire la suite

   “ L’Alaska est une terre du bout du monde. Dans ses eaux pures, on ne
   trouve que du poisson sauvage pê... ”
   Lire la suite

   Lire la suite

   Lire la suite

   “ Les amateurs de poissons crus sont de plus en plus nombreux en
   France. Rien de tel en effet pour ret... ”
   Lire la suite

   “ Comme le petit-déjeuner, le goûter est un repas indispensable à la
   bonne forme et au bien-être des e... ”
   Lire la suite

   “ Un peu de thym, une pincée d’aneth... les herbes aromatiques sont
   aujourd’hui presque automatiques. ... ”
   Lire la suite

   “ Chez Picard, la majorité des ventes de produits de la mer sauvages
   porte le label "Pêche durable MSC... ”
   Lire la suite

   Lire la suite

   Lire la suite

   Lire la suite

   “ Découvrez les engagements Picard en matière de produits labellisés,
   de produits élaborés en France e... ”
   Lire la suite

   “ Chaque année, l’agriculture biologique gagne du terrain avec un
   nombre croissant d’exploitants agric... ”
   Lire la suite

   Lire la suite

   “ Plus de 100 références de produits de la mer chez Picard pour se
   faire plaisir, cultiver chaque jour... ”
   Lire la suite

   “ Sources de nombreux nutriments, les produits de la mer sont
   excellents pour la santé. Tour d’horizon... ”
   Lire la suite

   “ Les falafels sont de délicieuses boulettes libanaises cuisinées à
   base de pois chiches, d’aromates, ... ”
   Lire la suite

   “ Cette petite prune ronde à la robe jaune intense arrive à maturité à
   la fin de l’été. Aussi délicieu... ”
   Lire la suite

   “ Avec la gamme + d’équilibre, Picard propose des plats équilibrés qui
   ne transigent pas avec le plais... ”
   Lire la suite

   “ Quel est le secret de la fraîcheur et de la finesse des Saint-Jacques
   françaises de Picard ? Sélecti... ”
   Lire la suite

   “ Avocat, edamame, myrtilles, lentilles, brocolis... Découvrez tous les
   bienfaits de ces savoureux pro... ”
   Lire la suite

   “ Margot est une jeune femme pétillante qui prend la vie côté healthy*
   et la partage généreusement via... ”
   Lire la suite

   “ Picard a mis le cap sur le régime végétarien depuis plusieurs années
   afin d’accompagner les choix al... ”
   Lire la suite

   Lire la suite
   Clicking moves
     * Produits
     * C'est nouveau
     * Prix réduits
     * En cuisine
     * Les légumes
     * Les fruits
     * Les viandes & volailles
     * Les poissons & crustacés
     * Les indispensables du cuisinier
     * À table !
     * Les apéritifs
     * Les entrées, tartes et salades
     * Les plats cuisinés
     * Cuisine évasion
     * Les pains & viennoiseries
     * Les pâtisseries
     * Les glaces & sorbets
     * L'épicerie
     * Des assiettes à part
     * Les jours trop bons
     * Soupes et potages
     * Tout à moins de 3 €
     * Le bio & produits labellisés
     * Les régimes alimentaires

     * Idées à cuisiner
     * Les apéritifs
     * Les entrées
     * Les plats
     * Les desserts
     * La recette du mois
     * L'inspiration Minute
     * Qualité & Savoir-faire
     * Les actualités
     * Tendance et Innovation
     * Santé et Nutrition
     * Conservation et Cuisson
     * Nos Partenaires
     * Picard vous répond
     * Les webdocs

   Magasins
   Retrouvez-nous sur
     * Facebook
     * Twitter
     * Youtube
     * Pinterest
     * Instagram

   Contactez-nous au 0 820 16 00 39 Du lundi au samedi de 8h à 19h.
     * Picard Entreprise
     * Qui sommes nous
     * Les valeurs Picard
     * Picard à votre service
     * Picard en chiffres
     * Travailler chez Picard
     * Recrutement
     * Informations financières / Financial Information
     * Espace Presse

   Rejoignez-nous !
     * Travailler chez Picard
     * Consulter les offres
     * Devenir franchisé Picard

     * Livraison à domicile
       Du lundi au samedi,
       de 7h à  21h selon localités.
     * Recettes & astuces
       Plus de 1500 fiches
       pratiques.
     * Le plus grand choix
       Tous les produits Picard :
       grands classiques et dernières nouveautés.

     * carte bleue
     * Visa
     * Master Card
     * American Express

     * FAQ
     * Guide de navigation
     * Plan du site
     * Contact
     * CGV et CGU du site
     * Conditions du programme picard et moi
     * Données personnelles et cookies

   tarif TTC valable du 16/09/2019 au 20/10/2019 dans nos magasins et en
   livraison à domicile (pour Paris, région parisienne et la plupart des
   grandes villes)
   RichNav Démarer la vidéo Creneaux
   IFRAME: //www.googletagmanager.com/ns.html?id=GTM-WLRN96

   Livraison de surgelés à domicile Picard

Posez votre question*Champs obligatoires

   Vous souhaitez obtenir un renseignement, un complément d'information
   Écrivez-nous tout de suite et nous vous répondons dans les meilleurs
   délais.

   Objet :*
     * Choisir
     * Programme Picard et Moi
     * Demande de catalogue
     * Gestion de compte société
     * Livrez-vous ma localité ?
     * Question sur l'application mobile
     * Question sur le site WEB
     * Réclamation produit
          + - Livraison à domicile
          + - Magasin
     * Réclamation commerciale
          + - Livraison à domicile
          + - Magasin
     * Renseignement magasin
     * Renseignement produit
     * Suivi de commande et livraison
     * Divers
          + - Livraison à domicile
          + - Magasin

   Veuillez sélectionner l'objet de votre demande dans la liste déroulante

   Civilité :* [Monsieur]

   Nom :* ____________________
   Prénom :* ____________________

   E-mail :* ____________________

   Adresse :* ____________________

   Ville :* ____________________

   Code postal :* ____________________

   Magasin :* ____________________

   Code article :* ____________________

   Libellé article :* ____________________

   Société :* ____________________

   Contact :* ____________________

   Numéro de commande :* ____________________

   Numéro de lot :* ____________________

   Question :*
   ____________________________________________________________
   ____________________________________________________________
   ____________________________________________________________
   ____________________________________________________________

   Champ libre :*
   ____________________________________________________________
   ____________________________________________________________
   ____________________________________________________________
   ____________________________________________________________

   (send) Envoyer
   Votre demande a bien été envoyée

   Vos données à caractère personnel font l’objet d’un traitement mis en
   œuvre par la société PICARD SURGELES selon les modalités définies dans
   notre politique de données personnelles. Elles sont traitées sur la
   base de votre consentement afin de répondre à vos questions.

   Seuls ont accès aux données, dans la limite de leurs attributions
   respectives, (i) les services de la société PICARD SURGELES et (ii) les
   prestataires habilités à traiter vos données uniquement pour le compte
   de la société PICARD SURGELES.

   Les données à fournir de manière obligatoire sont indiquées comme
   telles sur le formulaire. Sans ces données, notre société ne sera pas
   en mesure de satisfaire votre demande.

   Conformément à la loi Informatique et libertés du 6 janvier 1978
   modifiée et au règlement européen général sur la protection des données
   à caractère personnel (UE) 2016/679 du 27 avril 2016, vous disposez
   d’un droit d’accès et d’un droit de rectification des données vous
   concernant et, s’ils sont applicables, d’un droit de suppression, d’un
   droit d’opposition au traitement de vos données, d’un droit à
   l’effacement et à la limitation du traitement ainsi que d’un droit à la
   portabilité de vos données. Vous disposez également du droit de définir
   des directives relatives au sort de vos données après votre décès. Vous
   pouvez exercer vos droits, à tout moment, en effectuant une demande
   écrite accompagnée d’un justificatif d’identité par voie électronique à
   l’adresse cnil@picard.fr ou par courrier postal adressé au Service
   Information Consommateur CS 30038 77797 Nemours. A tout moment vous
   pouvez gérer vos abonnements aux services proposés dans la rubrique
   « Mon Compte » sur picard.fr et dans l’application mobile. Vous
   disposez enfin du droit d’introduire une réclamation auprès de la
   Commission nationale de l’informatique et des libertés (Cnil).
   Vos données sont conservées pendant une durée de trois ans à compter de
   leur collecte ou du dernier contact. Les données permettant d'établir
   la preuve d'un droit ou d'un contrat, ou conservées au titre du respect
   d'une obligation légale sont archivées conformément aux dispositions en
   vigueur.




   Lorsque vous naviguez sur notre site internet, des informations sont
   susceptibles d'être enregistrées, ou lues, dans votre terminal, sous
   réserve de vos choix.

   Acceptez-vous le dépôt et la lecture de cookies afin que nous et nos
   partenaires puissions analyser vos centres d'intérêts pour vous
   proposer des publicités personnalisées ?* ( ) Oui ( ) Non

   Acceptez-vous le dépôt et la lecture de cookies afin que nous et nos
   partenaires puissions analyser vos centres d'intérêts pour vous
   proposer des publicités personnalisées ?* ( ) Oui ( ) Non

   Acceptez-vous le dépôt et/ou la lecture de cookies pour vous permettre
   de partager des contenus de notre site avec d'autres personnes ou de
   faire connaître à ces autres personnes votre consultation ou votre
   opinion  (boutons "J'aime" de Facebook par exemple) :* (*) Oui ( ) Non


   Livraison de surgelés à domicile Picard

   Livraison à domicile du Lundi au Samedi de 7h à 21h selon localités.
     * Contactez-nous
     * Appli iPhone et Android

   Vos courses et des idées gourmandes en quelques clics

   Picard&Moi Votre programme de fidélité
   Mon compte
   Rechercher un produi Submit

     *
     * Produits
     * Idées à cuisiner
     * Qualité & savoir-faire
     * Magasins
     * Mon compte
     *
     *
     *

   Vous n'avez pas sélectionné de produit Besoin d'aide ?
   Vous n'avez pas sélectionné de produit Besoin d'aide ?
     *
     *

     * Les rayons
     * Tout afficher

     * En cuisine
     *   Les légumes
     *   Les fruits
     *   Les viandes & volailles
     *   Les poissons & crustacés
     *   Les indispensables du cuisinier

     * À table !
     *   Les apéritifs
     *   Les entrées, tartes et salades
     *   Les plats cuisinés
     *   Cuisine évasion
     *   Les pains & viennoiseries
     *   Les pâtisseries
     *   Les glaces & sorbets
     *   L'épicerie

     * Des assiettes à part
     *   Les jours trop bons
     *   C'est nouveau
     *   Prix réduits
     *   Soupes et potages
     *   Tout à moins de 3 €
     *   Le bio & produits labellisés
     *   Les régimes alimentaires

   Nouveau Tout afficher

   2 soufflés à l'emmental la boîte de 200 g 14.75 €/kg
   2 soufflés à l'emmental
   2.95 €
   Ajouter à ma liste
   [Choisir une liste]
   Fermer
   ____________________ [BUTTON Input] (not implemented)__
   Fermer
   (Ajouter au panier) Ajouter au panier
   Qté ____________________ Plus Moins
   Prix réduits Tout afficher

   Gratin de pâte, épinard, poireau et... la boîte de 200 g 9.00 €/kg
   Gratin de pâte, épinard, poireau et sauce au comté
   1.80 € 2.00 €
   Ajouter à ma liste
   [Choisir une liste]
   Fermer
   ____________________ [BUTTON Input] (not implemented)__
   Fermer
   (Ajouter au panier) Ajouter au panier
   Qté ____________________ Plus Moins
   Fermer
   Découvrez les recettes, les suggestions et les menus pour trouver des
   idées pour chaque plat.
   Idées à cuisiner Tout afficher
     * Les recettes
     * Toutes les recettes

   Les apéritifs Les apéritifs
   Les entrées Les entrées
   Les plats Les plats
   Les desserts Les desserts
     * Les suggestions

   La recette du mois
   La recette du mois

   Velouté de fèves à la menthe
   Découvrir
   L’inspiration Minute
   Fermer
   Les actualités Tout afficher

   La mirabelle de Lorraine : Cette petite prune ronde à la robe jaune
   intense arrive à maturité à la fin de l’été. Aussi délicieuse cuite
   q...
   Lire la suite
   La mirabelle de Lorraine

   La RSE chez Picard : bilan de notre engagement : Picard, un acteur
   engagé en matière de Responsabilité sociale et environnementale....
   Lire la suite
   La RSE chez Picard : bilan de notre engagement
   Picard vous répond
   Qualité et savoir-faire

   Qualité & Savoir-Faire

   Découvrez tous les sujets qui
   nourrissent l'alimentation,
   et nos réponses : petits secrets et grandes vérités au menu.
   Parcourir
     * Tendance et Innovation
       Tendance et Innovation
     * Santé et Nutrition
       Santé et Nutrition
     * Conservation et Cuisson
       Conservation et Cuisson
     * Nos Partenaires
       Nos Partenaires
     * Les webdocs Les webdocs

   Fermer
     * Mon compte
     * Fermer

     * accéder à mon compte
     * Mes paramètres
          + Mes informations personnelles
          + Mes abonnements
          + Mes adresses
          + Mes magasins Picard
          + Mes préférences
     * Mes commandes
          + Consulter mes commandes
     * Mes Favoris
          + Mes recettes
          + Mes listes de courses
          + Mes critères de recherche

   Se déconnecter
   Accueil    /
   Tous les rayons    /
   Tout à moins de 3 €
   Tout à moins de 3 € surgelé
     * Tout à moins de 3 €
     * Changer de rayon
          +  C'est nouveau
          +  Prix réduits
          +  Les légumes
          +  Les fruits
          +  Les viandes & volailles
          +  Les poissons & crustacés
          +  Les indispensables du cuisinier
          +  Les apéritifs
          +  Les entrées, tartes et salades
          +  Les plats cuisinés
          +  Cuisine évasion
          +  Les pains & viennoiseries
          +  Les pâtisseries
          +  Les glaces & sorbets
          +  L'épicerie
          +  Les jours trop bons
          +  Soupes et potages
          +  Tout à moins de 3 €
          +  Le bio & produits labellisés
          +  Les régimes alimentaires

Tout à moins de 3 €

   Découvrez plus de 400 produits à moins de 3 €, pour que chaque repas
   pris en famille, en solo, au saut du lit ou encore entre amis, soit un
   moment savoureux et équilibré. Fidèle à ses engagements, Picard vous
   propose un vaste choix de goûts et de saveurs pour varier les plaisirs
   tout au long de l'année.
   Trouver un produit Tomate, carpaccio, v Submit
   Recherche affinée Utilisez les critères pour trouver le produit de vos
   envies.
   [Mes critèress]
     * Afficher tous les produits
     * Afficher les suggestions du mois

   En cuisine
     * Les légumes
     * Les viandes et volailles
     * Les poissons
     * Les fruits
     * Les indispensables du cuisinier

     *   Les fruits

   Enregistrer ces critères

   [Nouveau]

   (BUTTON) OK Fermer
   Votre Critère a bien été créé
   Critère mis à jour
   Ce nom de critère existe déjà
   ____________________ (save_criteria) OK Fermer
   10 produits
     *
     *

   Trier par [Pertinence_________]

   Jus de pamplemousse rose de Floride bouteille de 25 cl 5.80 €/L
   Jus de pamplemousse rose de Floride
   Ajouter à ma liste
   [Choisir une liste]
   Fermer
   ____________________ [BUTTON Input] (not implemented)__
   Fermer
   (Ajouter au panier) Ajouter au panier
   Qté ____________________ Plus Moins
   ª  1.45 €
   Bol de fruits au sirop passion framboise le bol de 150 g 13.00 €/kg
   Bol de fruits au sirop passion framboise
   Ajouter à ma liste
   [Choisir une liste]
   Fermer
   ____________________ [BUTTON Input] (not implemented)__
   Fermer
   (Ajouter au panier) Ajouter au panier
   Qté ____________________ Plus Moins
   ª  1.95 €
   Bol de fruits exotiques le bol de 150 g 13.00 €/kg
   Bol de fruits exotiques
   Ajouter à ma liste
   [Choisir une liste]
   Fermer
   ____________________ [BUTTON Input] (not implemented)__
   Fermer
   (Ajouter au panier) Ajouter au panier
   Qté ____________________ Plus Moins
   ª  1.95 €
   Coulis mangue-passion la boîte de 200 g 13.00 €/kg
   Coulis mangue-passion
   Ajouter à ma liste
   [Choisir une liste]
   Fermer
   ____________________ [BUTTON Input] (not implemented)__
   Fermer
   (Ajouter au panier) Ajouter au panier
   Qté ____________________ Plus Moins
   ª  2.60 €
   Coulis aux 3 fruits rouges la boîte de 200 g 13.00 €/kg
   Coulis aux 3 fruits rouges
   Ajouter à ma liste
   [Choisir une liste]
   Fermer
   ____________________ [BUTTON Input] (not implemented)__
   Fermer
   (Ajouter au panier) Ajouter au panier
   Qté ____________________ Plus Moins
   ª  2.60 €
   Citronnade de Floride bouteille de 25 cl 5.80 €/L
   Citronnade de Floride
   Ajouter à ma liste
   [Choisir une liste]
   Fermer
   ____________________ [BUTTON Input] (not implemented)__
   Fermer
   (Ajouter au panier) Ajouter au panier
   Qté ____________________ Plus Moins
   ª  1.45 €
   Bol de fruits rouges le bol de 150 g 13.00 €/kg
   Bol de fruits rouges
   Ajouter à ma liste
   [Choisir une liste]
   Fermer
   ____________________ [BUTTON Input] (not implemented)__
   Fermer
   (Ajouter au panier) Ajouter au panier
   Qté ____________________ Plus Moins
   ª  1.95 €
   Jus d'orange de Floride bouteille de 25 cl 5.80 €/L
   Jus d'orange de Floride
   Ajouter à ma liste
   [Choisir une liste]
   Fermer
   ____________________ [BUTTON Input] (not implemented)__
   Fermer
   (Ajouter au panier) Ajouter au panier
   Qté ____________________ Plus Moins
   ª  1.45 €
   Coulis de framboise la boîte de 200 g 13.00 €/kg
   Coulis de framboise
   Ajouter à ma liste
   [Choisir une liste]
   Fermer
   ____________________ [BUTTON Input] (not implemented)__
   Fermer
   (Ajouter au panier) Ajouter au panier
   Qté ____________________ Plus Moins
   ª  2.60 €
   Bol de fruits bio, fraise,... le bol de 150 g 16.66 €/kg
   Bol de fruits bio, fraise, ananas,banane,groseille
   Ajouter à ma liste
   [Choisir une liste]
   Fermer
   ____________________ [BUTTON Input] (not implemented)__
   Fermer
   (Ajouter au panier) Ajouter au panier
   Qté ____________________ Plus Moins
   ª  2.50 €
   Haut de page
     *
     *

   Trier par [Pertinence_________]

   Clicking moves Picard vous répond

   “ Je viens de regarder un reportage TV qui concernait les "acides gras
   trans", c'est-à-dire hydrogénés... ”
   Lire la suite

   “ Pourriez-vous me confirmer que les informations nutritionnelles
   mentionnées sur vos emballages s’ent... ”
   Lire la suite

   “ Colin d’Alaska, colin lieu, quelles sont les différences ? ”
   Lire la suite

   “ A quoi correspondent exactement les pourcentages des « AJR » qui sont
   indiqués dans certains tableau... ”
   Lire la suite

   “ Picard propose de nombreux plats exotiques. Leur fabrication est-elle
   effectuée en France ? Certains... ”
   Lire la suite

   “ Quelle est la différence entre les mentions "production française" et
   "produit élaboré en France" ”
   Lire la suite

   “ L’emballage des produits BIO comporte 2 types d'informations sur
   l'origine avec une mention « Agric... ”
   Lire la suite

   “ Trouve-t-on des ajouts de conservateurs tels que les sulfites dans
   vos produits ? ”
   Lire la suite

   “ Je trouve le prix de vos filets de sole mer du Nord très élevé en
   comparaison avec les soles fraîche... ”
   Lire la suite

   “ Après cuisson des lobes de foie gras, je constate quelquefois une
   proportion de graisse importante. ... ”
   Lire la suite

   “ Pourquoi y a-t-il de la gélatine de porc dans certains de vos
   desserts glacés ? Est-ce vraiment néce... ”
   Lire la suite

   “ J’aimerais avoir la liste des herbes et aromates qui sont irradiés,
   car sur aucun de vos emballages ... ”
   Lire la suite

   “ Comment puis-je distinguer les poissons d'élevage des poissons
   sauvages parmi les espèces disponible... ”
   Lire la suite

   “ J'ai découvert récemment un nouveau logo pour la viande bovine
   Française. A quoi correspond ce logo ... ”
   Lire la suite

   “ Pourquoi certaines langoustines ont-elles des têtes vertes ? ”
   Lire la suite

   “ Pourquoi vos noix de Saint-Jacques ont-elles quelquefois très peu de
   corail ? Cela nuit à la présent... ”
   Lire la suite

   “ Comment puis-je m’assurer que le thon de couleur rouge que vous
   commercialisez en découpes ou dans l... ”
   Lire la suite

   “ Pourquoi ne trouve-t-on pas de « gambas » dans votre gamme ? Quelle
   est la différence avec des creve... ”
   Lire la suite

   “ Pourquoi ajoutez-vous du sucre dans certains de vos plats cuisinés ?
   Lorsque l'on souhaite réduire s... ”
   Lire la suite

   “ Je consomme beaucoup de légumes surgelés et j’aimerais m’assurer que
   les emballages ne renferment pa... ”
   Lire la suite

   “ Importez-vous des produits du Japon et quelles sont les conséquences
   sanitaires suite à l’incident d... ”
   Lire la suite

   “ J’ai entendu dire que Picard éditait un catalogue en braille pour les
   non-voyants. Qu’en est-il et o... ”
   Lire la suite

   “ Depuis quelques mois vous me livrez à domicile et j’aimerais savoir
   quelle est la quantité maximale ... ”
   Lire la suite

   “ Est-il possible de laver la glacière en coton équitable en machine à
   laver ? ”
   Lire la suite

   “ Je souhaiterais savoir si la teneur en pesticides des fruits et
   légumes que vous vendez est systémat... ”
   Lire la suite

   “ Pouvez-vous me confirmer que des poissons conservés plusieurs mois à
   l’état surgelé ne perdent pas l... ”
   Lire la suite

   “ Pouvez-vous me préciser ce que garantit le « LABEL ROUGE » sur vos
   brochettes de crevettes ? ”
   Lire la suite

   “ Plusieurs distributeurs ont pris la décision de ne plus
   commercialiser certaines espèces de poissons... ”
   Lire la suite

   “ Les mini-brochettes de poulet au miel et au thym sont excellentes,
   mais, surprise quand je découvre ... ”
   Lire la suite

   “ Pouvez-vous me préciser si les mono et diglycérides d’acides gras
   présents dans certains de vos prod... ”
   Lire la suite

   “ Quelle est la différence entre votre nouvelle gamme « Tout bon, tout
   veggie* » et les autres produit... ”
   Lire la suite

   “ Avez-vous des conseils pour décongeler rapidement des filets de
   poisson ? Est-il possible de les lai... ”
   Lire la suite

   “ Certains de vos produits contiennent de l'huile de palme. Quelle est
   votre politique en la matière ? ”
   Lire la suite

   “ Je souhaite savoir si vous réalisez toujours des tests ADN sur les
   viandes utilisées dans vos plats ... ”
   Lire la suite

   “ Que signifient les étoiles qui figurent à côté des dénominations de
   certaines viandes ? ”
   Lire la suite

   “ Pourquoi vos crevettes nordiques présentent souvent des œufs, alors
   que ce n'est jamais le cas pour ... ”
   Lire la suite

   “ J'achète régulièrement des biftecks hachés. J'aimerais savoir
   pourquoi il est écrit sur l'emballage ... ”
   Lire la suite

   “ Pour vos filets de poisson présentés avec peau, les valeurs
   nutritionnelles affichées sur l'emballag... ”
   Lire la suite

   “ Picard propose-t-il des produits sans gluten ? ”
   Lire la suite

   “ Je suis déçu par vos pavés de loup de mer, je ne retrouve pas les
   qualités du loup (bar) que j’ai l’... ”
   Lire la suite

   “ A l’heure du développement durable, pourquoi aller chercher des
   produits aux antipodes comme l’agnea... ”
   Lire la suite

   “ Pouvez-vous me préciser ce que signifie le logo «100% muscle» qui se
   trouve sur les emballages des s... ”
   Lire la suite

   “ Pourquoi tous vos poissons ne portent-ils pas l'écolabel MSC ? ”
   Lire la suite

   “ Pourquoi certains de vos ingrédients apparaissent en gras dans les
   listes d'ingrédients sur vos emba... ”
   Lire la suite

   “ J'ai remarqué que l'emballage des filets de colin lieu MSC, propose
   des informations sur l"origine e... ”
   Lire la suite

   “ Pourquoi avez-vous changé la recette de la quiche lorraine, qui est
   d'ailleurs plus chère qu'avant ? ”
   Lire la suite

   “ Comment savoir où sont fabriqués vos produits et d'où viennent les
   ingrédients utilisés dans les pré... ”
   Lire la suite

   “ J'ai remarqué que les sachets de julienne de légumes présentent
   souvent des blocs agglomérés et du g... ”
   Lire la suite

   “ Les légumes surgelés ont-ils des qualités nutritionnelles
   équivalentes aux légumes frais ? ”
   Lire la suite

   “ Vous vendez déjà des brochettes toutes prêtes. Avez-vous une offre si
   on souhaite les faire soi-même... ”
   Lire la suite

   “ Est-ce possible d’utiliser vos poissons pour une consommation crue,
   pour confectionner des sushis pa... ”
   Lire la suite

   “ J’aimerais en savoir plus sur vos engagements et vos actions pour le
   climat ? ”
   Lire la suite

   “ J’ai découvert récemment vos pavés de bonite à ventre rayé : vu l...
   ”
   Lire la suite

   “ J'ai remarqué un nouveau label sur vos produits de la mer, que
   signifie ASC ? ”
   Lire la suite

   “ Pourquoi l’emballage des myrtilles bio préconise-t-il de cuire les
   fruits ? N’est-il pas possible de... ”
   Lire la suite

   “ Quelle est la différence entre un produit congelé et un produit
   surgelé ? ”
   Lire la suite

   “ Où s’inscrire au programme de fidélité ? ”
   Lire la suite

   “ Comment trouver la liste d’ingrédient ou les valeurs nutritionnelles
   d’un produit ? ”
   Lire la suite

   “ Comment contacter le service consommateur ? ”
   Lire la suite

   “ Comment trouver le magasin le plus proche de chez moi ? ”
   Lire la suite

   “ Est-il possible de commander des chèques cadeaux Picard ? ”
   Lire la suite

   “ Puis-je payer en ticket restaurant mes achats ? ”
   Lire la suite

   “ Comment ajouter des produits à ma commande ? ”
   Lire la suite

   “ Mon code promo ne fonctionne pas ”
   Lire la suite

   “ Quelle est la date de validité des promotions ? ”
   Lire la suite

   “ Peut-on retirer sa commande en magasin ? ”
   Lire la suite

   “ J’aimerais des précisions sur la mention qui figure sur tous vos
   emballages «ne jamais recongeler un... ”
   Lire la suite

   “ Je suis bloqué sur ma commande, que faire ? ”
   Lire la suite

   “ Quel est le montant minimum pour se faire livrer ? ”
   Lire la suite

   “ Un décret récent impose l’indication de l’origine des viandes dans
   les produits pr&eac... ”
   Lire la suite

   “ Votre mélange de légumes pour potage est très pratique pour élaborer
   rap... ”
   Lire la suite

   “ Récemment, j’ai lu plusieurs articles concernant la dangerosité de
   l’additif dioxyde de titane : pou... ”
   Lire la suite

   “ Je trouve que certains de vos produits ont des emballages superflus,
   ce qui va à l’encontre des préo... ”
   Lire la suite

   “ J’achète régulièrement des Saint-Jacques qui viennent de pays
   éloignés (Chili, Argentine …), mais je... ”
   Lire la suite
   Clicking moves
   Clicking moves Santé & Nutrition

   “ Qui se cache réellement derrière ce que l’on appelle « légumes » ?
   Entre haricots verts, épinards, p... ”
   Lire la suite

   “ Manger cinq fruits et légumes par jour, c’est facile toute l’année.
   Mais pour profiter de leur saveu... ”
   Lire la suite

   “ Les français consomment en moyenne 10 g / jour de sel alors que les
   besoins sont évalués à 3 à 5 g /... ”
   Lire la suite

   “ Rien de tel qu’un grand bol de potage chaud pour se réchauffer et se
   réconforter. Mais saviez-vous q... ”
   Lire la suite

   “ Calorique, grasse, lourde... La pomme de terre n’a pas la vie facile
   avec toutes ces idées reçues ! ... ”
   Lire la suite

   “ Les sulfites : derrière ce nom bien étrange se cache un ingrédient
   que l’on retrouve tous les jours ... ”
   Lire la suite

   Lire la suite

   “ Depuis 35 ans, Picard engage tout son savoir-faire et son exigence
   pour garantir des produits de qua... ”
   Lire la suite

   “ Des poivrons en janvier, du concombre en novembre, c’est possible !
   Avec une gamme de 87 variétés de... ”
   Lire la suite

   “ Une noisette de beurre, un filet d’huile d’olive... Les matières
   grasses sont recommandées pour fair... ”
   Lire la suite

   “ Aujourd’hui, chaque français consomme, par an, 29 kilos de poissons,
   coquillages et crustacés. Soit ... ”
   Lire la suite

   “ « Faible teneur en sucres », « pauvre en sodium », « riche en
   minéraux », « allégé »... Les allégati... ”
   Lire la suite

   “ « Amines = nécessaires à la vie », les vitamines sont des molécules
   indispensables au bon fonctionne... ”
   Lire la suite

   Lire la suite

   “ Voilà plus de 20 ans déjà que Picard nous propose un pain
   croustillant et moelleux à cœur. Avec les ... ”
   Lire la suite

   “ De l’entrée au dessert, Picard vous propose désormais une gamme de
   marques crées pour les régimes sa... ”
   Lire la suite

   “ Les produits de la mer sont la matière première la plus
   commercialisée au monde. Au cours des 50 der... ”
   Lire la suite

   “ Le petit-déjeuner est le repas le plus important de la journée. Il
   évite le coup de fatigue de 11h e... ”
   Lire la suite

   “ Picard a mis en place des processus permettant d’offrir un poisson
   extra-frais, notamment issu d’une... ”
   Lire la suite

   “ La notion d'agriculture biologique n'est pas récente : ses principes
   ont été introduits en France ap... ”
   Lire la suite

   “ Partout en Asie, les légumes ont la part belle. On en profite pour
   découvrir le beau mélange de légu... ”
   Lire la suite

   “ Si le calcium est associé aux produits laitiers, saviez-vous que
   d'autres aliments comme le chou ou ... ”
   Lire la suite

   “ L’Auvergne est une région d’élevage de bovins qui produit une viande
   reconnue pour ses saveurs excep... ”
   Lire la suite

   “ Hautes qualités gustatives et nutritionnelles, grande fraîcheur,
   facilité d’utilisation… les produit... ”
   Lire la suite

   “ La fréquence des allergies alimentaires a doublé en 5 ans. Entre 4 et
   8,5% des enfants de moins de 3... ”
   Lire la suite

   Lire la suite

   “ L’Alaska est une terre du bout du monde. Dans ses eaux pures, on ne
   trouve que du poisson sauvage pê... ”
   Lire la suite

   Lire la suite

   Lire la suite

   “ Les amateurs de poissons crus sont de plus en plus nombreux en
   France. Rien de tel en effet pour ret... ”
   Lire la suite

   “ Comme le petit-déjeuner, le goûter est un repas indispensable à la
   bonne forme et au bien-être des e... ”
   Lire la suite

   “ Un peu de thym, une pincée d’aneth... les herbes aromatiques sont
   aujourd’hui presque automatiques. ... ”
   Lire la suite

   “ Chez Picard, la majorité des ventes de produits de la mer sauvages
   porte le label "Pêche durable MSC... ”
   Lire la suite

   Lire la suite

   Lire la suite

   Lire la suite

   “ Découvrez les engagements Picard en matière de produits labellisés,
   de produits élaborés en France e... ”
   Lire la suite

   “ Chaque année, l’agriculture biologique gagne du terrain avec un
   nombre croissant d’exploitants agric... ”
   Lire la suite

   Lire la suite

   “ Plus de 100 références de produits de la mer chez Picard pour se
   faire plaisir, cultiver chaque jour... ”
   Lire la suite

   “ Sources de nombreux nutriments, les produits de la mer sont
   excellents pour la santé. Tour d’horizon... ”
   Lire la suite

   “ Les falafels sont de délicieuses boulettes libanaises cuisinées à
   base de pois chiches, d’aromates, ... ”
   Lire la suite

   “ Cette petite prune ronde à la robe jaune intense arrive à maturité à
   la fin de l’été. Aussi délicieu... ”
   Lire la suite

   “ Avec la gamme + d’équilibre, Picard propose des plats équilibrés qui
   ne transigent pas avec le plais... ”
   Lire la suite

   “ Quel est le secret de la fraîcheur et de la finesse des Saint-Jacques
   françaises de Picard ? Sélecti... ”
   Lire la suite

   “ Avocat, edamame, myrtilles, lentilles, brocolis... Découvrez tous les
   bienfaits de ces savoureux pro... ”
   Lire la suite

   “ Margot est une jeune femme pétillante qui prend la vie côté healthy*
   et la partage généreusement via... ”
   Lire la suite

   “ Picard a mis le cap sur le régime végétarien depuis plusieurs années
   afin d’accompagner les choix al... ”
   Lire la suite

   Lire la suite
   Clicking moves
     * Produits
     * C'est nouveau
     * Prix réduits
     * En cuisine
     * Les légumes
     * Les fruits
     * Les viandes & volailles
     * Les poissons & crustacés
     * Les indispensables du cuisinier
     * À table !
     * Les apéritifs
     * Les entrées, tartes et salades
     * Les plats cuisinés
     * Cuisine évasion
     * Les pains & viennoiseries
     * Les pâtisseries
     * Les glaces & sorbets
     * L'épicerie
     * Des assiettes à part
     * Les jours trop bons
     * Soupes et potages
     * Tout à moins de 3 €
     * Le bio & produits labellisés
     * Les régimes alimentaires

     * Idées à cuisiner
     * Les apéritifs
     * Les entrées
     * Les plats
     * Les desserts
     * La recette du mois
     * L'inspiration Minute
     * Qualité & Savoir-faire
     * Les actualités
     * Tendance et Innovation
     * Santé et Nutrition
     * Conservation et Cuisson
     * Nos Partenaires
     * Picard vous répond
     * Les webdocs

   Magasins
   Retrouvez-nous sur
     * Facebook
     * Twitter
     * Youtube
     * Pinterest
     * Instagram

   Contactez-nous au 0 820 16 00 39 Du lundi au samedi de 8h à 19h.
     * Picard Entreprise
     * Qui sommes nous
     * Les valeurs Picard
     * Picard à votre service
     * Picard en chiffres
     * Travailler chez Picard
     * Recrutement
     * Informations financières / Financial Information
     * Espace Presse

   Rejoignez-nous !
     * Travailler chez Picard
     * Consulter les offres
     * Devenir franchisé Picard

     * Livraison à domicile
       Du lundi au samedi,
       de 7h à  21h selon localités.
     * Recettes & astuces
       Plus de 1500 fiches
       pratiques.
     * Le plus grand choix
       Tous les produits Picard :
       grands classiques et dernières nouveautés.

     * carte bleue
     * Visa
     * Master Card
     * American Express

     * FAQ
     * Guide de navigation
     * Plan du site
     * Contact
     * CGV et CGU du site
     * Conditions du programme picard et moi
     * Données personnelles et cookies

   tarif TTC valable du 16/09/2019 au 20/10/2019 dans nos magasins et en
   livraison à domicile (pour Paris, région parisienne et la plupart des
   grandes villes)
   RichNav Démarer la vidéo Creneaux
   IFRAME: //www.googletagmanager.com/ns.html?id=GTM-WLRN96

   Livraison de surgelés à domicile Picard

Posez votre question*Champs obligatoires

   Vous souhaitez obtenir un renseignement, un complément d'information
   Écrivez-nous tout de suite et nous vous répondons dans les meilleurs
   délais.

   Objet :*
     * Choisir
     * Programme Picard et Moi
     * Demande de catalogue
     * Gestion de compte société
     * Livrez-vous ma localité ?
     * Question sur l'application mobile
     * Question sur le site WEB
     * Réclamation produit
          + - Livraison à domicile
          + - Magasin
     * Réclamation commerciale
          + - Livraison à domicile
          + - Magasin
     * Renseignement magasin
     * Renseignement produit
     * Suivi de commande et livraison
     * Divers
          + - Livraison à domicile
          + - Magasin

   Veuillez sélectionner l'objet de votre demande dans la liste déroulante

   Civilité :* [Monsieur]

   Nom :* ____________________
   Prénom :* ____________________

   E-mail :* ____________________

   Adresse :* ____________________

   Ville :* ____________________

   Code postal :* ____________________

   Magasin :* ____________________

   Code article :* ____________________

   Libellé article :* ____________________

   Société :* ____________________

   Contact :* ____________________

   Numéro de commande :* ____________________

   Numéro de lot :* ____________________

   Question :*
   ____________________________________________________________
   ____________________________________________________________
   ____________________________________________________________
   ____________________________________________________________

   Champ libre :*
   ____________________________________________________________
   ____________________________________________________________
   ____________________________________________________________
   ____________________________________________________________

   (send) Envoyer
   Votre demande a bien été envoyée

   Vos données à caractère personnel font l’objet d’un traitement mis en
   œuvre par la société PICARD SURGELES selon les modalités définies dans
   notre politique de données personnelles. Elles sont traitées sur la
   base de votre consentement afin de répondre à vos questions.

   Seuls ont accès aux données, dans la limite de leurs attributions
   respectives, (i) les services de la société PICARD SURGELES et (ii) les
   prestataires habilités à traiter vos données uniquement pour le compte
   de la société PICARD SURGELES.

   Les données à fournir de manière obligatoire sont indiquées comme
   telles sur le formulaire. Sans ces données, notre société ne sera pas
   en mesure de satisfaire votre demande.

   Conformément à la loi Informatique et libertés du 6 janvier 1978
   modifiée et au règlement européen général sur la protection des données
   à caractère personnel (UE) 2016/679 du 27 avril 2016, vous disposez
   d’un droit d’accès et d’un droit de rectification des données vous
   concernant et, s’ils sont applicables, d’un droit de suppression, d’un
   droit d’opposition au traitement de vos données, d’un droit à
   l’effacement et à la limitation du traitement ainsi que d’un droit à la
   portabilité de vos données. Vous disposez également du droit de définir
   des directives relatives au sort de vos données après votre décès. Vous
   pouvez exercer vos droits, à tout moment, en effectuant une demande
   écrite accompagnée d’un justificatif d’identité par voie électronique à
   l’adresse cnil@picard.fr ou par courrier postal adressé au Service
   Information Consommateur CS 30038 77797 Nemours. A tout moment vous
   pouvez gérer vos abonnements aux services proposés dans la rubrique
   « Mon Compte » sur picard.fr et dans l’application mobile. Vous
   disposez enfin du droit d’introduire une réclamation auprès de la
   Commission nationale de l’informatique et des libertés (Cnil).
   Vos données sont conservées pendant une durée de trois ans à compter de
   leur collecte ou du dernier contact. Les données permettant d'établir
   la preuve d'un droit ou d'un contrat, ou conservées au titre du respect
   d'une obligation légale sont archivées conformément aux dispositions en
   vigueur.




   Lorsque vous naviguez sur notre site internet, des informations sont
   susceptibles d'être enregistrées, ou lues, dans votre terminal, sous
   réserve de vos choix.

   Acceptez-vous le dépôt et la lecture de cookies afin que nous et nos
   partenaires puissions analyser vos centres d'intérêts pour vous
   proposer des publicités personnalisées ?* ( ) Oui ( ) Non

   Acceptez-vous le dépôt et la lecture de cookies afin que nous et nos
   partenaires puissions analyser vos centres d'intérêts pour vous
   proposer des publicités personnalisées ?* ( ) Oui ( ) Non

   Acceptez-vous le dépôt et/ou la lecture de cookies pour vous permettre
   de partager des contenus de notre site avec d'autres personnes ou de
   faire connaître à ces autres personnes votre consultation ou votre
   opinion  (boutons "J'aime" de Facebook par exemple) :* (*) Oui ( ) Non


   Livraison de surgelés à domicile Picard

   Livraison à domicile du Lundi au Samedi de 7h à 21h selon localités.
     * Contactez-nous
     * Appli iPhone et Android

   Vos courses et des idées gourmandes en quelques clics

   Picard&Moi Votre programme de fidélité
   Mon compte
   Rechercher un produi Submit

     *
     * Produits
     * Idées à cuisiner
     * Qualité & savoir-faire
     * Magasins
     * Mon compte
     *
     *
     *

   Vous n'avez pas sélectionné de produit Besoin d'aide ?
   Vous n'avez pas sélectionné de produit Besoin d'aide ?
     *
     *

     * Les rayons
     * Tout afficher

     * En cuisine
     *   Les légumes
     *   Les fruits
     *   Les viandes & volailles
     *   Les poissons & crustacés
     *   Les indispensables du cuisinier

     * À table !
     *   Les apéritifs
     *   Les entrées, tartes et salades
     *   Les plats cuisinés
     *   Cuisine évasion
     *   Les pains & viennoiseries
     *   Les pâtisseries
     *   Les glaces & sorbets
     *   L'épicerie

     * Des assiettes à part
     *   Les jours trop bons
     *   C'est nouveau
     *   Prix réduits
     *   Soupes et potages
     *   Tout à moins de 3 €
     *   Le bio & produits labellisés
     *   Les régimes alimentaires

   Nouveau Tout afficher

   Roulés à la ricotta et aux épinards,... barquette de 300 g 11.66 €/kg
   Roulés à la ricotta et aux épinards, sauce tomate
   2.62 €
   Ajouter à ma liste
   [Choisir une liste]
   Fermer
   ____________________ [BUTTON Input] (not implemented)__
   Fermer
   (Ajouter au panier) Ajouter au panier
   Qté ____________________ Plus Moins
   Prix réduits Tout afficher

   Blueberries, Chili le sachet de 450 g 7.77 €/kg
   Blueberries, Chili
   3.50 € 3.95 €
   Ajouter à ma liste
   [Choisir une liste]
   Fermer
   ____________________ [BUTTON Input] (not implemented)__
   Fermer
   (Ajouter au panier) Ajouter au panier
   Qté ____________________ Plus Moins
   Fermer
   Découvrez les recettes, les suggestions et les menus pour trouver des
   idées pour chaque plat.
   Idées à cuisiner Tout afficher
     * Les recettes
     * Toutes les recettes

   Les apéritifs Les apéritifs
   Les entrées Les entrées
   Les plats Les plats
   Les desserts Les desserts
     * Les suggestions

   La recette du mois
   La recette du mois

   Velouté de fèves à la menthe
   Découvrir
   L’inspiration Minute
   Fermer
   Les actualités Tout afficher

   La mirabelle de Lorraine : Cette petite prune ronde à la robe jaune
   intense arrive à maturité à la fin de l’été. Aussi délicieuse cuite
   q...
   Lire la suite
   La mirabelle de Lorraine

   La RSE chez Picard : bilan de notre engagement : Picard, un acteur
   engagé en matière de Responsabilité sociale et environnementale....
   Lire la suite
   La RSE chez Picard : bilan de notre engagement
   Picard vous répond
   Qualité et savoir-faire

   Qualité & Savoir-Faire

   Découvrez tous les sujets qui
   nourrissent l'alimentation,
   et nos réponses : petits secrets et grandes vérités au menu.
   Parcourir
     * Tendance et Innovation
       Tendance et Innovation
     * Santé et Nutrition
       Santé et Nutrition
     * Conservation et Cuisson
       Conservation et Cuisson
     * Nos Partenaires
       Nos Partenaires
     * Les webdocs Les webdocs

   Fermer
     * Mon compte
     * Fermer

     * accéder à mon compte
     * Mes paramètres
          + Mes informations personnelles
          + Mes abonnements
          + Mes adresses
          + Mes magasins Picard
          + Mes préférences
     * Mes commandes
          + Consulter mes commandes
     * Mes Favoris
          + Mes recettes
          + Mes listes de courses
          + Mes critères de recherche

   Se déconnecter
   Accueil    /
   Tous les rayons    /
   Tout à moins de 3 €
   Tout à moins de 3 € surgelé
     * Tout à moins de 3 €
     * Changer de rayon
          +  C'est nouveau
          +  Prix réduits
          +  Les légumes
          +  Les fruits
          +  Les viandes & volailles
          +  Les poissons & crustacés
          +  Les indispensables du cuisinier
          +  Les apéritifs
          +  Les entrées, tartes et salades
          +  Les plats cuisinés
          +  Cuisine évasion
          +  Les pains & viennoiseries
          +  Les pâtisseries
          +  Les glaces & sorbets
          +  L'épicerie
          +  Les jours trop bons
          +  Soupes et potages
          +  Tout à moins de 3 €
          +  Le bio & produits labellisés
          +  Les régimes alimentaires

Tout à moins de 3 €

   Découvrez plus de 400 produits à moins de 3 €, pour que chaque repas
   pris en famille, en solo, au saut du lit ou encore entre amis, soit un
   moment savoureux et équilibré. Fidèle à ses engagements, Picard vous
   propose un vaste choix de goûts et de saveurs pour varier les plaisirs
   tout au long de l'année.
   Trouver un produit Tomate, carpaccio, v Submit
   Recherche affinée Utilisez les critères pour trouver le produit de vos
   envies.
   [Mes critèress]
     * Afficher tous les produits
     * Afficher les suggestions du mois

   En cuisine
     * Les légumes
     * Les viandes et volailles
     * Les poissons
     * Les fruits
     * Les indispensables du cuisinier

   A table !
     * Les apéritifs
     * Les entrées et tartes
     * Les plats cuisinés
     * La cuisine évasion
     * Les pains et viennoiseries
     * Les pâtisseries
     * Les glaces et sorbets
     * L'épicerie

   451 produits
     * 1
     * 2
     * 3
     * 4
     * 5
     * >>

     *
     *

   Afficher [50_] par page

   Trier par [Pertinence_________]

   -5% supp avec la carte Epinards hachés, France le sachet de 1 kg 1.20
   €/kg
   Epinards hachés, France
   Ajouter à ma liste
   [Choisir une liste]
   Fermer
   ____________________ [BUTTON Input] (not implemented)__
   Fermer
   (Ajouter au panier) Ajouter au panier
   Qté ____________________ Plus Moins
   ª  1.20 € 1.40€
   Sorbet poire le bac de 650 g 4.53 €/kg
   Sorbet poire
   Ajouter à ma liste
   [Choisir une liste]
   Fermer
   ____________________ [BUTTON Input] (not implemented)__
   Fermer
   (Ajouter au panier) Ajouter au panier
   Qté ____________________ Plus Moins
   ª  2.95 €
   Poireaux émincés bio, France ou Belgique le sachet de 600 g 4.83 €/kg
   Poireaux émincés bio, France ou Belgique
   Ajouter à ma liste
   [Choisir une liste]
   Fermer
   ____________________ [BUTTON Input] (not implemented)__
   Fermer
   (Ajouter au panier) Ajouter au panier
   Qté ____________________ Plus Moins
   ª  2.90 €
   4 bâtonnets vanille-macadamia la boîte de 280 g 8.92 €/kg
   4 bâtonnets vanille-macadamia
   Ajouter à ma liste
   [Choisir une liste]
   Fermer
   ____________________ [BUTTON Input] (not implemented)__
   Fermer
   (Ajouter au panier) Ajouter au panier
   Qté ____________________ Plus Moins
   ª  2.50 €
   6 petits pains multigraines le sachet de 240 g 7.50 €/kg
   6 petits pains multigraines
   Ajouter à ma liste
   [Choisir une liste]
   Fermer
   ____________________ [BUTTON Input] (not implemented)__
   Fermer
   (Ajouter au panier) Ajouter au panier
   Qté ____________________ Plus Moins
   ª  1.80 €
   Tapenade aux olives noires le pot de 110 g 23.63 €/kg
   Tapenade aux olives noires
   Ajouter à ma liste
   [Choisir une liste]
   Fermer
   ____________________ [BUTTON Input] (not implemented)__
   Fermer
   Uniquement disponible en magasin
   Qté ____________________ Plus Moins
   ª  2.60 €
   Marmelade orange amère le pot de 315 g 8.88 €/kg
   Marmelade orange amère
   Ajouter à ma liste
   [Choisir une liste]
   Fermer
   ____________________ [BUTTON Input] (not implemented)__
   Fermer
   Uniquement disponible en magasin
   Qté ____________________ Plus Moins
   ª  2.80 €
   Pain complet tranché le sachet de 450 g 4.88 €/kg
   Pain complet tranché
   Ajouter à ma liste
   [Choisir une liste]
   Fermer
   ____________________ [BUTTON Input] (not implemented)__
   Fermer
   (Ajouter au panier) Ajouter au panier
   Qté ____________________ Plus Moins
   ª  2.20 €
   C'est nouveau Purée de pomme de terre, légumes verts,... la boîte de
   450 g 6.22 €/kg
   [icon_nouveaute.png]
   Purée de pomme de terre, légumes verts, emmental
   Ajouter à ma liste
   [Choisir une liste]
   Fermer
   ____________________ [BUTTON Input] (not implemented)__
   Fermer
   (Ajouter au panier) Ajouter au panier
   Qté ____________________ Plus Moins
   ª  2.80 €
   Lasagnes à la bolognaise barquette de 400 g 6.25 €/kg
   Lasagnes à la bolognaise
   Ajouter à ma liste
   [Choisir une liste]
   Fermer
   ____________________ [BUTTON Input] (not implemented)__
   Fermer
   (Ajouter au panier) Ajouter au panier
   Qté ____________________ Plus Moins
   ª  2.50 €
   6 Snickers la boîte de 288 g 10.38 €/kg
   6 Snickers
   Ajouter à ma liste
   [Choisir une liste]
   Fermer
   ____________________ [BUTTON Input] (not implemented)__
   Fermer
   (Ajouter au panier) Ajouter au panier
   Qté ____________________ Plus Moins
   ª  2.99 €
   Embeurrée de chou la boîte de 450 g 5.55 €/kg
   Embeurrée de chou
   Ajouter à ma liste
   [Choisir une liste]
   Fermer
   ____________________ [BUTTON Input] (not implemented)__
   Fermer
   (Ajouter au panier) Ajouter au panier
   Qté ____________________ Plus Moins
   ª  2.50 €
   Sorbet fraise le pot de 110 g 18.18 €/kg
   Sorbet fraise
   Ajouter à ma liste
   [Choisir une liste]
   Fermer
   ____________________ [BUTTON Input] (not implemented)__
   Fermer
   (Ajouter au panier) Ajouter au panier
   Qté ____________________ Plus Moins
   ª  2.00 €
   Billes de bretzel le sachet de 100 g 14.00 €/kg
   Billes de bretzel
   Ajouter à ma liste
   [Choisir une liste]
   Fermer
   ____________________ [BUTTON Input] (not implemented)__
   Fermer
   Uniquement disponible en magasin
   Qté ____________________ Plus Moins
   ª  1.40 €
   Velouté fèves épinard cuisiné l'huile... le sachet de 600 g 4.91 €/kg
   Velouté fèves épinard cuisiné l'huile olive (5,8%)
   Ajouter à ma liste
   [Choisir une liste]
   Fermer
   ____________________ [BUTTON Input] (not implemented)__
   Fermer
   (Ajouter au panier) Ajouter au panier
   Qté ____________________ Plus Moins
   ª  2.95 €
   Blondie, 1 part la boîte de 80 g 25.00 €/kg
   Blondie, 1 part
   Ajouter à ma liste
   [Choisir une liste]
   Fermer
   ____________________ [BUTTON Input] (not implemented)__
   Fermer
   (Ajouter au panier) Ajouter au panier
   Qté ____________________ Plus Moins
   ª  2.00 €
   Chou vert en feuilles, Espagne le sachet de 600 g 3.25 €/kg
   Chou vert en feuilles, Espagne
   Ajouter à ma liste
   [Choisir une liste]
   Fermer
   ____________________ [BUTTON Input] (not implemented)__
   Fermer
   (Ajouter au panier) Ajouter au panier
   Qté ____________________ Plus Moins
   ª  1.95 €
   Coriandre coupée la boîte de 50 g 36.00 €/kg
   Coriandre coupée
   Ajouter à ma liste
   [Choisir une liste]
   Fermer
   ____________________ [BUTTON Input] (not implemented)__
   Fermer
   (Ajouter au panier) Ajouter au panier
   Qté ____________________ Plus Moins
   ª  1.80 €
   -25% de remise Pizza wrap à la mozzarella et au jambon... la boîte de
   150 g 16.66 €/kg
   Pizza wrap à la mozzarella et au jambon cuit
   Ajouter à ma liste
   [Choisir une liste]
   Fermer
   ____________________ [BUTTON Input] (not implemented)__
   Fermer
   (Ajouter au panier) Ajouter au panier
   Qté ____________________ Plus Moins
   ª  1.87 € 2.50 €
   Oseille coupée, France le sachet de 450 g 4.33 €/kg
   Oseille coupée, France
   Ajouter à ma liste
   [Choisir une liste]
   Fermer
   ____________________ [BUTTON Input] (not implemented)__
   Fermer
   (Ajouter au panier) Ajouter au panier
   Qté ____________________ Plus Moins
   ª  1.95 €
   Poulet sauce teriyaki et riz au sésame barquette de 400 g 6.25 €/kg
   Poulet sauce teriyaki et riz au sésame
   Ajouter à ma liste
   [Choisir une liste]
   Fermer
   ____________________ [BUTTON Input] (not implemented)__
   Fermer
   (Ajouter au panier) Ajouter au panier
   Qté ____________________ Plus Moins
   ª  2.50 €
   6 Mars la boîte de 250 g 11.96 €/kg
   6 Mars
   Ajouter à ma liste
   [Choisir une liste]
   Fermer
   ____________________ [BUTTON Input] (not implemented)__
   Fermer
   (Ajouter au panier) Ajouter au panier
   Qté ____________________ Plus Moins
   ª  2.99 €
   Inédites au romarin, pommes de terre,... le sachet de 500 g 5.40 €/kg
   Inédites au romarin, pommes de terre, France
   Ajouter à ma liste
   [Choisir une liste]
   Fermer
   ____________________ [BUTTON Input] (not implemented)__
   Fermer
   (Ajouter au panier) Ajouter au panier
   Qté ____________________ Plus Moins
   ª  2.70 €
   Entremets framboise vanille, 1 part la boîte de 75 g 37.33 €/kg
   Entremets framboise vanille, 1 part
   Ajouter à ma liste
   [Choisir une liste]
   Fermer
   ____________________ [BUTTON Input] (not implemented)__
   Fermer
   (Ajouter au panier) Ajouter au panier
   Qté ____________________ Plus Moins
   ª  2.80 €
   Tartelette framboise, 1 part la boîte de 80 g 25.00 €/kg
   Tartelette framboise, 1 part
   Ajouter à ma liste
   [Choisir une liste]
   Fermer
   ____________________ [BUTTON Input] (not implemented)__
   Fermer
   (Ajouter au panier) Ajouter au panier
   Qté ____________________ Plus Moins
   ª  2.00 €
   Bol vapeur brocolis, carottes, haricots... le bol de 250 g 7.00 €/kg
   Bol vapeur brocolis, carottes, haricots verts bio
   Ajouter à ma liste
   [Choisir une liste]
   Fermer
   ____________________ [BUTTON Input] (not implemented)__
   Fermer
   (Ajouter au panier) Ajouter au panier
   Qté ____________________ Plus Moins
   ª  1.75 €
   Soupe au pistou le bol de 400 g 6.25 €/kg
   Soupe au pistou
   Ajouter à ma liste
   [Choisir une liste]
   Fermer
   ____________________ [BUTTON Input] (not implemented)__
   Fermer
   (Ajouter au panier) Ajouter au panier
   Qté ____________________ Plus Moins
   ª  2.50 €
   Wedges à four le sachet de 1 kg 1.95 €/kg
   Wedges à four
   Ajouter à ma liste
   [Choisir une liste]
   Fermer
   ____________________ [BUTTON Input] (not implemented)__
   Fermer
   (Ajouter au panier) Ajouter au panier
   Qté ____________________ Plus Moins
   ª  1.95 €
   2 petites baguettes céréales, précuites le sachet de 260 g 5.00 €/kg
   2 petites baguettes céréales, précuites
   Ajouter à ma liste
   [Choisir une liste]
   Fermer
   ____________________ [BUTTON Input] (not implemented)__
   Fermer
   (Ajouter au panier) Ajouter au panier
   Qté ____________________ Plus Moins
   ª  1.30 €
   Potage courge butternut, patate douce,... le sachet de 1 kg 2.80 €/kg
   Potage courge butternut, patate douce, carotte
   Ajouter à ma liste
   [Choisir une liste]
   Fermer
   ____________________ [BUTTON Input] (not implemented)__
   Fermer
   (Ajouter au panier) Ajouter au panier
   Qté ____________________ Plus Moins
   ª  2.80 €
   Glace Amarena à l'italienne le bac de 200 g 9.00 €/kg
   Glace Amarena à l'italienne
   Ajouter à ma liste
   [Choisir une liste]
   Fermer
   ____________________ [BUTTON Input] (not implemented)__
   Fermer
   (Ajouter au panier) Ajouter au panier
   Qté ____________________ Plus Moins
   ª  1.80 €
   15 bâtonnets de colin d'Alaska MSC,... la boîte de 450 g 6.44 €/kg
   15 bâtonnets de colin d'Alaska MSC, pré-frits
   Ajouter à ma liste
   [Choisir une liste]
   Fermer
   ____________________ [BUTTON Input] (not implemented)__
   Fermer
   (Ajouter au panier) Ajouter au panier
   Qté ____________________ Plus Moins
   ª  2.90 €
   Brunoise à la méridionale le sachet de 450 g 4.00 €/kg
   Brunoise à la méridionale
   Ajouter à ma liste
   [Choisir une liste]
   Fermer
   ____________________ [BUTTON Input] (not implemented)__
   Fermer
   (Ajouter au panier) Ajouter au panier
   Qté ____________________ Plus Moins
   ª  1.80 €
   Légumes pour wok le sachet de 600 g 3.66 €/kg
   Légumes pour wok
   Ajouter à ma liste
   [Choisir une liste]
   Fermer
   ____________________ [BUTTON Input] (not implemented)__
   Fermer
   (Ajouter au panier) Ajouter au panier
   Qté ____________________ Plus Moins
   ª  2.20 €
   Poêlée de légumes grillés courgette,... le sachet de 600 g 4.83 €/kg
   Poêlée de légumes grillés courgette, aubergine
   Ajouter à ma liste
   [Choisir une liste]
   Fermer
   ____________________ [BUTTON Input] (not implemented)__
   Fermer
   (Ajouter au panier) Ajouter au panier
   Qté ____________________ Plus Moins
   ª  2.90 €
   6 perles de coco la boîte de 180 g 16.61 €/kg
   6 perles de coco
   Ajouter à ma liste
   [Choisir une liste]
   Fermer
   ____________________ [BUTTON Input] (not implemented)__
   Fermer
   (Ajouter au panier) Ajouter au panier
   Qté ____________________ Plus Moins
   ª  2.99 €
   Gratin dauphinois la boîte de 450 g 5.77 €/kg
   Gratin dauphinois
   Ajouter à ma liste
   [Choisir une liste]
   Fermer
   ____________________ [BUTTON Input] (not implemented)__
   Fermer
   (Ajouter au panier) Ajouter au panier
   Qté ____________________ Plus Moins
   ª  2.60 €
   Flageolets verts fins, France le sachet de 600 g 3.25 €/kg
   Flageolets verts fins, France
   Ajouter à ma liste
   [Choisir une liste]
   Fermer
   ____________________ [BUTTON Input] (not implemented)__
   Fermer
   (Ajouter au panier) Ajouter au panier
   Qté ____________________ Plus Moins
   ª  1.95 €
   Hachis parmentier la boîte de 400 g 7.12 €/kg
   Hachis parmentier
   Ajouter à ma liste
   [Choisir une liste]
   Fermer
   ____________________ [BUTTON Input] (not implemented)__
   Fermer
   (Ajouter au panier) Ajouter au panier
   Qté ____________________ Plus Moins
   ª  2.85 €
   2 tartes aux fromages la boîte de 360 g 8.19 €/kg
   2 tartes aux fromages
   Ajouter à ma liste
   [Choisir une liste]
   Fermer
   ____________________ [BUTTON Input] (not implemented)__
   Fermer
   (Ajouter au panier) Ajouter au panier
   Qté ____________________ Plus Moins
   ª  2.95 €
   Chips sel et poivre le sachet de 150 g 14.66 €/kg
   Chips sel et poivre
   Ajouter à ma liste
   [Choisir une liste]
   Fermer
   ____________________ [BUTTON Input] (not implemented)__
   Fermer
   Uniquement disponible en magasin
   Qté ____________________ Plus Moins
   ª  2.20 €
   Fagottini à la ricotta et aux épinards barquette de 250 g 11.80 €/kg
   Fagottini à la ricotta et aux épinards
   Ajouter à ma liste
   [Choisir une liste]
   Fermer
   ____________________ [BUTTON Input] (not implemented)__
   Fermer
   (Ajouter au panier) Ajouter au panier
   Qté ____________________ Plus Moins
   ª  2.95 €
   Pommes rissolées XL en cubes le sachet de 1 kg 1.80 €/kg
   Pommes rissolées XL en cubes
   Ajouter à ma liste
   [Choisir une liste]
   Fermer
   ____________________ [BUTTON Input] (not implemented)__
   Fermer
   (Ajouter au panier) Ajouter au panier
   Qté ____________________ Plus Moins
   ª  1.80 €
   Crème glacée café le bac de 550 g 5.36 €/kg
   Crème glacée café
   Ajouter à ma liste
   [Choisir une liste]
   Fermer
   ____________________ [BUTTON Input] (not implemented)__
   Fermer
   (Ajouter au panier) Ajouter au panier
   Qté ____________________ Plus Moins
   ª  2.95 €
   Chips de manioc à la crevette la boîte de 50 g 19.00 €/kg
   Chips de manioc à la crevette
   Ajouter à ma liste
   [Choisir une liste]
   Fermer
   ____________________ [BUTTON Input] (not implemented)__
   Fermer
   Uniquement disponible en magasin
   Qté ____________________ Plus Moins
   ª  0.95 €
   Tarte fine jambon tomates cerise la boîte de 295 g 10.00 €/kg
   Tarte fine jambon tomates cerise
   Ajouter à ma liste
   [Choisir une liste]
   Fermer
   ____________________ [BUTTON Input] (not implemented)__
   Fermer
   (Ajouter au panier) Ajouter au panier
   Qté ____________________ Plus Moins
   ª  2.95 €
   2 flammekueche la boîte de 240 g 10.41 €/kg
   2 flammekueche
   Ajouter à ma liste
   [Choisir une liste]
   Fermer
   ____________________ [BUTTON Input] (not implemented)__
   Fermer
   (Ajouter au panier) Ajouter au panier
   Qté ____________________ Plus Moins
   ª  2.50 €
   Petits oignons blancs entiers, épluchés le sachet de 450 g 4.00 €/kg
   Petits oignons blancs entiers, épluchés
   Ajouter à ma liste
   [Choisir une liste]
   Fermer
   ____________________ [BUTTON Input] (not implemented)__
   Fermer
   (Ajouter au panier) Ajouter au panier
   Qté ____________________ Plus Moins
   ª  1.80 €
   Sauce à la thaïlandaise curry coco le sachet de 200 g 12.00 €/kg
   Sauce à la thaïlandaise curry coco
   Ajouter à ma liste
   [Choisir une liste]
   Fermer
   ____________________ [BUTTON Input] (not implemented)__
   Fermer
   (Ajouter au panier) Ajouter au panier
   Qté ____________________ Plus Moins
   ª  2.40 €
   Gingembre coupé la boîte de 75 g 26.00 €/kg
   Gingembre coupé
   Ajouter à ma liste
   [Choisir une liste]
   Fermer
   ____________________ [BUTTON Input] (not implemented)__
   Fermer
   (Ajouter au panier) Ajouter au panier
   Qté ____________________ Plus Moins
   ª  1.95 €
   Haut de page
     * 1
     * 2
     * 3
     * 4
     * 5
     * >>

     *
     *

   Afficher [50_] par page

   Trier par [Pertinence_________]

   Clicking moves Picard vous répond

   “ Je viens de regarder un reportage TV qui concernait les "acides gras
   trans", c'est-à-dire hydrogénés... ”
   Lire la suite

   “ Pourriez-vous me confirmer que les informations nutritionnelles
   mentionnées sur vos emballages s’ent... ”
   Lire la suite

   “ Colin d’Alaska, colin lieu, quelles sont les différences ? ”
   Lire la suite

   “ A quoi correspondent exactement les pourcentages des « AJR » qui sont
   indiqués dans certains tableau... ”
   Lire la suite

   “ Picard propose de nombreux plats exotiques. Leur fabrication est-elle
   effectuée en France ? Certains... ”
   Lire la suite

   “ Quelle est la différence entre les mentions "production française" et
   "produit élaboré en France" ”
   Lire la suite

   “ L’emballage des produits BIO comporte 2 types d'informations sur
   l'origine avec une mention « Agric... ”
   Lire la suite

   “ Trouve-t-on des ajouts de conservateurs tels que les sulfites dans
   vos produits ? ”
   Lire la suite

   “ Je trouve le prix de vos filets de sole mer du Nord très élevé en
   comparaison avec les soles fraîche... ”
   Lire la suite

   “ Après cuisson des lobes de foie gras, je constate quelquefois une
   proportion de graisse importante. ... ”
   Lire la suite

   “ Pourquoi y a-t-il de la gélatine de porc dans certains de vos
   desserts glacés ? Est-ce vraiment néce... ”
   Lire la suite

   “ J’aimerais avoir la liste des herbes et aromates qui sont irradiés,
   car sur aucun de vos emballages ... ”
   Lire la suite

   “ Comment puis-je distinguer les poissons d'élevage des poissons
   sauvages parmi les espèces disponible... ”
   Lire la suite

   “ J'ai découvert récemment un nouveau logo pour la viande bovine
   Française. A quoi correspond ce logo ... ”
   Lire la suite

   “ Pourquoi certaines langoustines ont-elles des têtes vertes ? ”
   Lire la suite

   “ Pourquoi vos noix de Saint-Jacques ont-elles quelquefois très peu de
   corail ? Cela nuit à la présent... ”
   Lire la suite

   “ Comment puis-je m’assurer que le thon de couleur rouge que vous
   commercialisez en découpes ou dans l... ”
   Lire la suite

   “ Pourquoi ne trouve-t-on pas de « gambas » dans votre gamme ? Quelle
   est la différence avec des creve... ”
   Lire la suite

   “ Pourquoi ajoutez-vous du sucre dans certains de vos plats cuisinés ?
   Lorsque l'on souhaite réduire s... ”
   Lire la suite

   “ Je consomme beaucoup de légumes surgelés et j’aimerais m’assurer que
   les emballages ne renferment pa... ”
   Lire la suite

   “ Importez-vous des produits du Japon et quelles sont les conséquences
   sanitaires suite à l’incident d... ”
   Lire la suite

   “ J’ai entendu dire que Picard éditait un catalogue en braille pour les
   non-voyants. Qu’en est-il et o... ”
   Lire la suite

   “ Depuis quelques mois vous me livrez à domicile et j’aimerais savoir
   quelle est la quantité maximale ... ”
   Lire la suite

   “ Est-il possible de laver la glacière en coton équitable en machine à
   laver ? ”
   Lire la suite

   “ Je souhaiterais savoir si la teneur en pesticides des fruits et
   légumes que vous vendez est systémat... ”
   Lire la suite

   “ Pouvez-vous me confirmer que des poissons conservés plusieurs mois à
   l’état surgelé ne perdent pas l... ”
   Lire la suite

   “ Pouvez-vous me préciser ce que garantit le « LABEL ROUGE » sur vos
   brochettes de crevettes ? ”
   Lire la suite

   “ Plusieurs distributeurs ont pris la décision de ne plus
   commercialiser certaines espèces de poissons... ”
   Lire la suite

   “ Les mini-brochettes de poulet au miel et au thym sont excellentes,
   mais, surprise quand je découvre ... ”
   Lire la suite

   “ Pouvez-vous me préciser si les mono et diglycérides d’acides gras
   présents dans certains de vos prod... ”
   Lire la suite

   “ Quelle est la différence entre votre nouvelle gamme « Tout bon, tout
   veggie* » et les autres produit... ”
   Lire la suite

   “ Avez-vous des conseils pour décongeler rapidement des filets de
   poisson ? Est-il possible de les lai... ”
   Lire la suite

   “ Certains de vos produits contiennent de l'huile de palme. Quelle est
   votre politique en la matière ? ”
   Lire la suite

   “ Je souhaite savoir si vous réalisez toujours des tests ADN sur les
   viandes utilisées dans vos plats ... ”
   Lire la suite

   “ Que signifient les étoiles qui figurent à côté des dénominations de
   certaines viandes ? ”
   Lire la suite

   “ Pourquoi vos crevettes nordiques présentent souvent des œufs, alors
   que ce n'est jamais le cas pour ... ”
   Lire la suite

   “ J'achète régulièrement des biftecks hachés. J'aimerais savoir
   pourquoi il est écrit sur l'emballage ... ”
   Lire la suite

   “ Pour vos filets de poisson présentés avec peau, les valeurs
   nutritionnelles affichées sur l'emballag... ”
   Lire la suite

   “ Picard propose-t-il des produits sans gluten ? ”
   Lire la suite

   “ Je suis déçu par vos pavés de loup de mer, je ne retrouve pas les
   qualités du loup (bar) que j’ai l’... ”
   Lire la suite

   “ A l’heure du développement durable, pourquoi aller chercher des
   produits aux antipodes comme l’agnea... ”
   Lire la suite

   “ Pouvez-vous me préciser ce que signifie le logo «100% muscle» qui se
   trouve sur les emballages des s... ”
   Lire la suite

   “ Pourquoi tous vos poissons ne portent-ils pas l'écolabel MSC ? ”
   Lire la suite

   “ Pourquoi certains de vos ingrédients apparaissent en gras dans les
   listes d'ingrédients sur vos emba... ”
   Lire la suite

   “ J'ai remarqué que l'emballage des filets de colin lieu MSC, propose
   des informations sur l"origine e... ”
   Lire la suite

   “ Pourquoi avez-vous changé la recette de la quiche lorraine, qui est
   d'ailleurs plus chère qu'avant ? ”
   Lire la suite

   “ Comment savoir où sont fabriqués vos produits et d'où viennent les
   ingrédients utilisés dans les pré... ”
   Lire la suite

   “ J'ai remarqué que les sachets de julienne de légumes présentent
   souvent des blocs agglomérés et du g... ”
   Lire la suite

   “ Les légumes surgelés ont-ils des qualités nutritionnelles
   équivalentes aux légumes frais ? ”
   Lire la suite

   “ Vous vendez déjà des brochettes toutes prêtes. Avez-vous une offre si
   on souhaite les faire soi-même... ”
   Lire la suite

   “ Est-ce possible d’utiliser vos poissons pour une consommation crue,
   pour confectionner des sushis pa... ”
   Lire la suite

   “ J’aimerais en savoir plus sur vos engagements et vos actions pour le
   climat ? ”
   Lire la suite

   “ J’ai découvert récemment vos pavés de bonite à ventre rayé : vu l...
   ”
   Lire la suite

   “ J'ai remarqué un nouveau label sur vos produits de la mer, que
   signifie ASC ? ”
   Lire la suite

   “ Pourquoi l’emballage des myrtilles bio préconise-t-il de cuire les
   fruits ? N’est-il pas possible de... ”
   Lire la suite

   “ Quelle est la différence entre un produit congelé et un produit
   surgelé ? ”
   Lire la suite

   “ Où s’inscrire au programme de fidélité ? ”
   Lire la suite

   “ Comment trouver la liste d’ingrédient ou les valeurs nutritionnelles
   d’un produit ? ”
   Lire la suite

   “ Comment contacter le service consommateur ? ”
   Lire la suite

   “ Comment trouver le magasin le plus proche de chez moi ? ”
   Lire la suite

   “ Est-il possible de commander des chèques cadeaux Picard ? ”
   Lire la suite

   “ Puis-je payer en ticket restaurant mes achats ? ”
   Lire la suite

   “ Comment ajouter des produits à ma commande ? ”
   Lire la suite

   “ Mon code promo ne fonctionne pas ”
   Lire la suite

   “ Quelle est la date de validité des promotions ? ”
   Lire la suite

   “ Peut-on retirer sa commande en magasin ? ”
   Lire la suite

   “ J’aimerais des précisions sur la mention qui figure sur tous vos
   emballages «ne jamais recongeler un... ”
   Lire la suite

   “ Je suis bloqué sur ma commande, que faire ? ”
   Lire la suite

   “ Quel est le montant minimum pour se faire livrer ? ”
   Lire la suite

   “ Un décret récent impose l’indication de l’origine des viandes dans
   les produits pr&eac... ”
   Lire la suite

   “ Votre mélange de légumes pour potage est très pratique pour élaborer
   rap... ”
   Lire la suite

   “ Récemment, j’ai lu plusieurs articles concernant la dangerosité de
   l’additif dioxyde de titane : pou... ”
   Lire la suite

   “ Je trouve que certains de vos produits ont des emballages superflus,
   ce qui va à l’encontre des préo... ”
   Lire la suite

   “ J’achète régulièrement des Saint-Jacques qui viennent de pays
   éloignés (Chili, Argentine …), mais je... ”
   Lire la suite
   Clicking moves
   Clicking moves Santé & Nutrition

   “ Qui se cache réellement derrière ce que l’on appelle « légumes » ?
   Entre haricots verts, épinards, p... ”
   Lire la suite

   “ Manger cinq fruits et légumes par jour, c’est facile toute l’année.
   Mais pour profiter de leur saveu... ”
   Lire la suite

   “ Les français consomment en moyenne 10 g / jour de sel alors que les
   besoins sont évalués à 3 à 5 g /... ”
   Lire la suite

   “ Rien de tel qu’un grand bol de potage chaud pour se réchauffer et se
   réconforter. Mais saviez-vous q... ”
   Lire la suite

   “ Calorique, grasse, lourde... La pomme de terre n’a pas la vie facile
   avec toutes ces idées reçues ! ... ”
   Lire la suite

   “ Les sulfites : derrière ce nom bien étrange se cache un ingrédient
   que l’on retrouve tous les jours ... ”
   Lire la suite

   Lire la suite

   “ Depuis 35 ans, Picard engage tout son savoir-faire et son exigence
   pour garantir des produits de qua... ”
   Lire la suite

   “ Des poivrons en janvier, du concombre en novembre, c’est possible !
   Avec une gamme de 87 variétés de... ”
   Lire la suite

   “ Une noisette de beurre, un filet d’huile d’olive... Les matières
   grasses sont recommandées pour fair... ”
   Lire la suite

   “ Aujourd’hui, chaque français consomme, par an, 29 kilos de poissons,
   coquillages et crustacés. Soit ... ”
   Lire la suite

   “ « Faible teneur en sucres », « pauvre en sodium », « riche en
   minéraux », « allégé »... Les allégati... ”
   Lire la suite

   “ « Amines = nécessaires à la vie », les vitamines sont des molécules
   indispensables au bon fonctionne... ”
   Lire la suite

   Lire la suite

   “ Voilà plus de 20 ans déjà que Picard nous propose un pain
   croustillant et moelleux à cœur. Avec les ... ”
   Lire la suite

   “ De l’entrée au dessert, Picard vous propose désormais une gamme de
   marques crées pour les régimes sa... ”
   Lire la suite

   “ Les produits de la mer sont la matière première la plus
   commercialisée au monde. Au cours des 50 der... ”
   Lire la suite

   “ Le petit-déjeuner est le repas le plus important de la journée. Il
   évite le coup de fatigue de 11h e... ”
   Lire la suite

   “ Picard a mis en place des processus permettant d’offrir un poisson
   extra-frais, notamment issu d’une... ”
   Lire la suite

   “ La notion d'agriculture biologique n'est pas récente : ses principes
   ont été introduits en France ap... ”
   Lire la suite

   “ Partout en Asie, les légumes ont la part belle. On en profite pour
   découvrir le beau mélange de légu... ”
   Lire la suite

   “ Si le calcium est associé aux produits laitiers, saviez-vous que
   d'autres aliments comme le chou ou ... ”
   Lire la suite

   “ L’Auvergne est une région d’élevage de bovins qui produit une viande
   reconnue pour ses saveurs excep... ”
   Lire la suite

   “ Hautes qualités gustatives et nutritionnelles, grande fraîcheur,
   facilité d’utilisation… les produit... ”
   Lire la suite

   “ La fréquence des allergies alimentaires a doublé en 5 ans. Entre 4 et
   8,5% des enfants de moins de 3... ”
   Lire la suite

   Lire la suite

   “ L’Alaska est une terre du bout du monde. Dans ses eaux pures, on ne
   trouve que du poisson sauvage pê... ”
   Lire la suite

   Lire la suite

   Lire la suite

   “ Les amateurs de poissons crus sont de plus en plus nombreux en
   France. Rien de tel en effet pour ret... ”
   Lire la suite

   “ Comme le petit-déjeuner, le goûter est un repas indispensable à la
   bonne forme et au bien-être des e... ”
   Lire la suite

   “ Un peu de thym, une pincée d’aneth... les herbes aromatiques sont
   aujourd’hui presque automatiques. ... ”
   Lire la suite

   “ Chez Picard, la majorité des ventes de produits de la mer sauvages
   porte le label "Pêche durable MSC... ”
   Lire la suite

   Lire la suite

   Lire la suite

   Lire la suite

   “ Découvrez les engagements Picard en matière de produits labellisés,
   de produits élaborés en France e... ”
   Lire la suite

   “ Chaque année, l’agriculture biologique gagne du terrain avec un
   nombre croissant d’exploitants agric... ”
   Lire la suite

   Lire la suite

   “ Plus de 100 références de produits de la mer chez Picard pour se
   faire plaisir, cultiver chaque jour... ”
   Lire la suite

   “ Sources de nombreux nutriments, les produits de la mer sont
   excellents pour la santé. Tour d’horizon... ”
   Lire la suite

   “ Les falafels sont de délicieuses boulettes libanaises cuisinées à
   base de pois chiches, d’aromates, ... ”
   Lire la suite

   “ Cette petite prune ronde à la robe jaune intense arrive à maturité à
   la fin de l’été. Aussi délicieu... ”
   Lire la suite

   “ Avec la gamme + d’équilibre, Picard propose des plats équilibrés qui
   ne transigent pas avec le plais... ”
   Lire la suite

   “ Quel est le secret de la fraîcheur et de la finesse des Saint-Jacques
   françaises de Picard ? Sélecti... ”
   Lire la suite

   “ Avocat, edamame, myrtilles, lentilles, brocolis... Découvrez tous les
   bienfaits de ces savoureux pro... ”
   Lire la suite

   “ Margot est une jeune femme pétillante qui prend la vie côté healthy*
   et la partage généreusement via... ”
   Lire la suite

   “ Picard a mis le cap sur le régime végétarien depuis plusieurs années
   afin d’accompagner les choix al... ”
   Lire la suite

   Lire la suite
   Clicking moves
     * Produits
     * C'est nouveau
     * Prix réduits
     * En cuisine
     * Les légumes
     * Les fruits
     * Les viandes & volailles
     * Les poissons & crustacés
     * Les indispensables du cuisinier
     * À table !
     * Les apéritifs
     * Les entrées, tartes et salades
     * Les plats cuisinés
     * Cuisine évasion
     * Les pains & viennoiseries
     * Les pâtisseries
     * Les glaces & sorbets
     * L'épicerie
     * Des assiettes à part
     * Les jours trop bons
     * Soupes et potages
     * Tout à moins de 3 €
     * Le bio & produits labellisés
     * Les régimes alimentaires

     * Idées à cuisiner
     * Les apéritifs
     * Les entrées
     * Les plats
     * Les desserts
     * La recette du mois
     * L'inspiration Minute
     * Qualité & Savoir-faire
     * Les actualités
     * Tendance et Innovation
     * Santé et Nutrition
     * Conservation et Cuisson
     * Nos Partenaires
     * Picard vous répond
     * Les webdocs

   Magasins
   Retrouvez-nous sur
     * Facebook
     * Twitter
     * Youtube
     * Pinterest
     * Instagram

   Contactez-nous au 0 820 16 00 39 Du lundi au samedi de 8h à 19h.
     * Picard Entreprise
     * Qui sommes nous
     * Les valeurs Picard
     * Picard à votre service
     * Picard en chiffres
     * Travailler chez Picard
     * Recrutement
     * Informations financières / Financial Information
     * Espace Presse

   Rejoignez-nous !
     * Travailler chez Picard
     * Consulter les offres
     * Devenir franchisé Picard

     * Livraison à domicile
       Du lundi au samedi,
       de 7h à  21h selon localités.
     * Recettes & astuces
       Plus de 1500 fiches
       pratiques.
     * Le plus grand choix
       Tous les produits Picard :
       grands classiques et dernières nouveautés.

     * carte bleue
     * Visa
     * Master Card
     * American Express

     * FAQ
     * Guide de navigation
     * Plan du site
     * Contact
     * CGV et CGU du site
     * Conditions du programme picard et moi
     * Données personnelles et cookies

   tarif TTC valable du 16/09/2019 au 20/10/2019 dans nos magasins et en
   livraison à domicile (pour Paris, région parisienne et la plupart des
   grandes villes)
   RichNav Démarer la vidéo Creneaux
   IFRAME: //www.googletagmanager.com/ns.html?id=GTM-WLRN96

   Livraison de surgelés à domicile Picard

Posez votre question*Champs obligatoires

   Vous souhaitez obtenir un renseignement, un complément d'information
   Écrivez-nous tout de suite et nous vous répondons dans les meilleurs
   délais.

   Objet :*
     * Choisir
     * Programme Picard et Moi
     * Demande de catalogue
     * Gestion de compte société
     * Livrez-vous ma localité ?
     * Question sur l'application mobile
     * Question sur le site WEB
     * Réclamation produit
          + - Livraison à domicile
          + - Magasin
     * Réclamation commerciale
          + - Livraison à domicile
          + - Magasin
     * Renseignement magasin
     * Renseignement produit
     * Suivi de commande et livraison
     * Divers
          + - Livraison à domicile
          + - Magasin

   Veuillez sélectionner l'objet de votre demande dans la liste déroulante

   Civilité :* [Monsieur]

   Nom :* ____________________
   Prénom :* ____________________

   E-mail :* ____________________

   Adresse :* ____________________

   Ville :* ____________________

   Code postal :* ____________________

   Magasin :* ____________________

   Code article :* ____________________

   Libellé article :* ____________________

   Société :* ____________________

   Contact :* ____________________

   Numéro de commande :* ____________________

   Numéro de lot :* ____________________

   Question :*
   ____________________________________________________________
   ____________________________________________________________
   ____________________________________________________________
   ____________________________________________________________

   Champ libre :*
   ____________________________________________________________
   ____________________________________________________________
   ____________________________________________________________
   ____________________________________________________________

   (send) Envoyer
   Votre demande a bien été envoyée

   Vos données à caractère personnel font l’objet d’un traitement mis en
   œuvre par la société PICARD SURGELES selon les modalités définies dans
   notre politique de données personnelles. Elles sont traitées sur la
   base de votre consentement afin de répondre à vos questions.

   Seuls ont accès aux données, dans la limite de leurs attributions
   respectives, (i) les services de la société PICARD SURGELES et (ii) les
   prestataires habilités à traiter vos données uniquement pour le compte
   de la société PICARD SURGELES.

   Les données à fournir de manière obligatoire sont indiquées comme
   telles sur le formulaire. Sans ces données, notre société ne sera pas
   en mesure de satisfaire votre demande.

   Conformément à la loi Informatique et libertés du 6 janvier 1978
   modifiée et au règlement européen général sur la protection des données
   à caractère personnel (UE) 2016/679 du 27 avril 2016, vous disposez
   d’un droit d’accès et d’un droit de rectification des données vous
   concernant et, s’ils sont applicables, d’un droit de suppression, d’un
   droit d’opposition au traitement de vos données, d’un droit à
   l’effacement et à la limitation du traitement ainsi que d’un droit à la
   portabilité de vos données. Vous disposez également du droit de définir
   des directives relatives au sort de vos données après votre décès. Vous
   pouvez exercer vos droits, à tout moment, en effectuant une demande
   écrite accompagnée d’un justificatif d’identité par voie électronique à
   l’adresse cnil@picard.fr ou par courrier postal adressé au Service
   Information Consommateur CS 30038 77797 Nemours. A tout moment vous
   pouvez gérer vos abonnements aux services proposés dans la rubrique
   « Mon Compte » sur picard.fr et dans l’application mobile. Vous
   disposez enfin du droit d’introduire une réclamation auprès de la
   Commission nationale de l’informatique et des libertés (Cnil).
   Vos données sont conservées pendant une durée de trois ans à compter de
   leur collecte ou du dernier contact. Les données permettant d'établir
   la preuve d'un droit ou d'un contrat, ou conservées au titre du respect
   d'une obligation légale sont archivées conformément aux dispositions en
   vigueur.




   Lorsque vous naviguez sur notre site internet, des informations sont
   susceptibles d'être enregistrées, ou lues, dans votre terminal, sous
   réserve de vos choix.

   Acceptez-vous le dépôt et la lecture de cookies afin que nous et nos
   partenaires puissions analyser vos centres d'intérêts pour vous
   proposer des publicités personnalisées ?* ( ) Oui ( ) Non

   Acceptez-vous le dépôt et la lecture de cookies afin que nous et nos
   partenaires puissions analyser vos centres d'intérêts pour vous
   proposer des publicités personnalisées ?* ( ) Oui ( ) Non

   Acceptez-vous le dépôt et/ou la lecture de cookies pour vous permettre
   de partager des contenus de notre site avec d'autres personnes ou de
   faire connaître à ces autres personnes votre consultation ou votre
   opinion  (boutons "J'aime" de Facebook par exemple) :* (*) Oui ( ) Non


   Livraison de surgelés à domicile Picard

   Livraison à domicile du Lundi au Samedi de 7h à 21h selon localités.
     * Contactez-nous
     * Appli iPhone et Android

   Vos courses et des idées gourmandes en quelques clics

   Picard&Moi Votre programme de fidélité
   Mon compte
   Rechercher un produi Submit

     *
     * Produits
     * Idées à cuisiner
     * Qualité & savoir-faire
     * Magasins
     * Mon compte
     *
     *
     *

   Vous n'avez pas sélectionné de produit Besoin d'aide ?
   Vous n'avez pas sélectionné de produit Besoin d'aide ?
     *
     *

     * Les rayons
     * Tout afficher

     * En cuisine
     *   Les légumes
     *   Les fruits
     *   Les viandes & volailles
     *   Les poissons & crustacés
     *   Les indispensables du cuisinier

     * À table !
     *   Les apéritifs
     *   Les entrées, tartes et salades
     *   Les plats cuisinés
     *   Cuisine évasion
     *   Les pains & viennoiseries
     *   Les pâtisseries
     *   Les glaces & sorbets
     *   L'épicerie

     * Des assiettes à part
     *   Les jours trop bons
     *   C'est nouveau
     *   Prix réduits
     *   Soupes et potages
     *   Tout à moins de 3 €
     *   Le bio & produits labellisés
     *   Les régimes alimentaires

   Nouveau Tout afficher

   Raviolis marguerites à la courge sauce... barquette de 300 g 11.66 €/kg
   Raviolis marguerites à la courge sauce mascarpone
   2.62 €
   Ajouter à ma liste
   [Choisir une liste]
   Fermer
   ____________________ [BUTTON Input] (not implemented)__
   Fermer
   (Ajouter au panier) Ajouter au panier
   Qté ____________________ Plus Moins
   Prix réduits Tout afficher

   Pommes rissolées en cubes le sachet de 1 kg 1.10 €/kg
   Pommes rissolées en cubes
   1.10 € 1.30 €
   Ajouter à ma liste
   [Choisir une liste]
   Fermer
   ____________________ [BUTTON Input] (not implemented)__
   Fermer
   (Ajouter au panier) Ajouter au panier
   Qté ____________________ Plus Moins
   Fermer
   Découvrez les recettes, les suggestions et les menus pour trouver des
   idées pour chaque plat.
   Idées à cuisiner Tout afficher
     * Les recettes
     * Toutes les recettes

   Les apéritifs Les apéritifs
   Les entrées Les entrées
   Les plats Les plats
   Les desserts Les desserts
     * Les suggestions

   La recette du mois
   La recette du mois

   Velouté de fèves à la menthe
   Découvrir
   L’inspiration Minute
   Fermer
   Les actualités Tout afficher

   La mirabelle de Lorraine : Cette petite prune ronde à la robe jaune
   intense arrive à maturité à la fin de l’été. Aussi délicieuse cuite
   q...
   Lire la suite
   La mirabelle de Lorraine

   La RSE chez Picard : bilan de notre engagement : Picard, un acteur
   engagé en matière de Responsabilité sociale et environnementale....
   Lire la suite
   La RSE chez Picard : bilan de notre engagement
   Picard vous répond
   Qualité et savoir-faire

   Qualité & Savoir-Faire

   Découvrez tous les sujets qui
   nourrissent l'alimentation,
   et nos réponses : petits secrets et grandes vérités au menu.
   Parcourir
     * Tendance et Innovation
       Tendance et Innovation
     * Santé et Nutrition
       Santé et Nutrition
     * Conservation et Cuisson
       Conservation et Cuisson
     * Nos Partenaires
       Nos Partenaires
     * Les webdocs Les webdocs

   Fermer
     * Mon compte
     * Fermer

     * accéder à mon compte
     * Mes paramètres
          + Mes informations personnelles
          + Mes abonnements
          + Mes adresses
          + Mes magasins Picard
          + Mes préférences
     * Mes commandes
          + Consulter mes commandes
     * Mes Favoris
          + Mes recettes
          + Mes listes de courses
          + Mes critères de recherche

   Se déconnecter
   Accueil    /
   Tous les rayons    /
   Tout à moins de 3 €
   Tout à moins de 3 € surgelé
     * Tout à moins de 3 €
     * Changer de rayon
          +  C'est nouveau
          +  Prix réduits
          +  Les légumes
          +  Les fruits
          +  Les viandes & volailles
          +  Les poissons & crustacés
          +  Les indispensables du cuisinier
          +  Les apéritifs
          +  Les entrées, tartes et salades
          +  Les plats cuisinés
          +  Cuisine évasion
          +  Les pains & viennoiseries
          +  Les pâtisseries
          +  Les glaces & sorbets
          +  L'épicerie
          +  Les jours trop bons
          +  Soupes et potages
          +  Tout à moins de 3 €
          +  Le bio & produits labellisés
          +  Les régimes alimentaires

Tout à moins de 3 €

   Découvrez plus de 400 produits à moins de 3 €, pour que chaque repas
   pris en famille, en solo, au saut du lit ou encore entre amis, soit un
   moment savoureux et équilibré. Fidèle à ses engagements, Picard vous
   propose un vaste choix de goûts et de saveurs pour varier les plaisirs
   tout au long de l'année.
   Trouver un produit Tomate, carpaccio, v Submit
   Recherche affinée Utilisez les critères pour trouver le produit de vos
   envies.
   [Mes critèress]
     * Afficher tous les produits
     * Afficher les suggestions du mois

   En cuisine
     * Les légumes
     * Les viandes et volailles
     * Les poissons
     * Les fruits
     * Les indispensables du cuisinier

   A table !
     * Les apéritifs
     * Les entrées et tartes
     * Les plats cuisinés
     * La cuisine évasion
     * Les pains et viennoiseries
     * Les pâtisseries
     * Les glaces et sorbets
     * L'épicerie

     *   Les légumes

   Enregistrer ces critères

   [Nouveau]

   (BUTTON) OK Fermer
   Votre Critère a bien été créé
   Critère mis à jour
   Ce nom de critère existe déjà
   ____________________ (save_criteria) OK Fermer
   161 produits
     * 1
     * 2
     * 3
     * 4

     *
     *

   Afficher [50__] par page

   Trier par [Pertinence_________]

   -5% supp avec la carte Epinards hachés, France le sachet de 1 kg 1.20
   €/kg
   Epinards hachés, France
   Ajouter à ma liste
   [Choisir une liste]
   Fermer
   ____________________ [BUTTON Input] (not implemented)__
   Fermer
   (Ajouter au panier) Ajouter au panier
   Qté ____________________ Plus Moins
   ª  1.20 € 1.40€
   Poireaux émincés bio, France ou Belgique le sachet de 600 g 4.83 €/kg
   Poireaux émincés bio, France ou Belgique
   Ajouter à ma liste
   [Choisir une liste]
   Fermer
   ____________________ [BUTTON Input] (not implemented)__
   Fermer
   (Ajouter au panier) Ajouter au panier
   Qté ____________________ Plus Moins
   ª  2.90 €
   C'est nouveau Purée de pomme de terre, légumes verts,... la boîte de
   450 g 6.22 €/kg
   [icon_nouveaute.png]
   Purée de pomme de terre, légumes verts, emmental
   Ajouter à ma liste
   [Choisir une liste]
   Fermer
   ____________________ [BUTTON Input] (not implemented)__
   Fermer
   (Ajouter au panier) Ajouter au panier
   Qté ____________________ Plus Moins
   ª  2.80 €
   Embeurrée de chou la boîte de 450 g 5.55 €/kg
   Embeurrée de chou
   Ajouter à ma liste
   [Choisir une liste]
   Fermer
   ____________________ [BUTTON Input] (not implemented)__
   Fermer
   (Ajouter au panier) Ajouter au panier
   Qté ____________________ Plus Moins
   ª  2.50 €
   Velouté fèves épinard cuisiné l'huile... le sachet de 600 g 4.91 €/kg
   Velouté fèves épinard cuisiné l'huile olive (5,8%)
   Ajouter à ma liste
   [Choisir une liste]
   Fermer
   ____________________ [BUTTON Input] (not implemented)__
   Fermer
   (Ajouter au panier) Ajouter au panier
   Qté ____________________ Plus Moins
   ª  2.95 €
   Chou vert en feuilles, Espagne le sachet de 600 g 3.25 €/kg
   Chou vert en feuilles, Espagne
   Ajouter à ma liste
   [Choisir une liste]
   Fermer
   ____________________ [BUTTON Input] (not implemented)__
   Fermer
   (Ajouter au panier) Ajouter au panier
   Qté ____________________ Plus Moins
   ª  1.95 €
   Inédites au romarin, pommes de terre,... le sachet de 500 g 5.40 €/kg
   Inédites au romarin, pommes de terre, France
   Ajouter à ma liste
   [Choisir une liste]
   Fermer
   ____________________ [BUTTON Input] (not implemented)__
   Fermer
   (Ajouter au panier) Ajouter au panier
   Qté ____________________ Plus Moins
   ª  2.70 €
   Bol vapeur brocolis, carottes, haricots... le bol de 250 g 7.00 €/kg
   Bol vapeur brocolis, carottes, haricots verts bio
   Ajouter à ma liste
   [Choisir une liste]
   Fermer
   ____________________ [BUTTON Input] (not implemented)__
   Fermer
   (Ajouter au panier) Ajouter au panier
   Qté ____________________ Plus Moins
   ª  1.75 €
   Soupe au pistou le bol de 400 g 6.25 €/kg
   Soupe au pistou
   Ajouter à ma liste
   [Choisir une liste]
   Fermer
   ____________________ [BUTTON Input] (not implemented)__
   Fermer
   (Ajouter au panier) Ajouter au panier
   Qté ____________________ Plus Moins
   ª  2.50 €
   Wedges à four le sachet de 1 kg 1.95 €/kg
   Wedges à four
   Ajouter à ma liste
   [Choisir une liste]
   Fermer
   ____________________ [BUTTON Input] (not implemented)__
   Fermer
   (Ajouter au panier) Ajouter au panier
   Qté ____________________ Plus Moins
   ª  1.95 €
   Potage courge butternut, patate douce,... le sachet de 1 kg 2.80 €/kg
   Potage courge butternut, patate douce, carotte
   Ajouter à ma liste
   [Choisir une liste]
   Fermer
   ____________________ [BUTTON Input] (not implemented)__
   Fermer
   (Ajouter au panier) Ajouter au panier
   Qté ____________________ Plus Moins
   ª  2.80 €
   Brunoise à la méridionale le sachet de 450 g 4.00 €/kg
   Brunoise à la méridionale
   Ajouter à ma liste
   [Choisir une liste]
   Fermer
   ____________________ [BUTTON Input] (not implemented)__
   Fermer
   (Ajouter au panier) Ajouter au panier
   Qté ____________________ Plus Moins
   ª  1.80 €
   Légumes pour wok le sachet de 600 g 3.66 €/kg
   Légumes pour wok
   Ajouter à ma liste
   [Choisir une liste]
   Fermer
   ____________________ [BUTTON Input] (not implemented)__
   Fermer
   (Ajouter au panier) Ajouter au panier
   Qté ____________________ Plus Moins
   ª  2.20 €
   Poêlée de légumes grillés courgette,... le sachet de 600 g 4.83 €/kg
   Poêlée de légumes grillés courgette, aubergine
   Ajouter à ma liste
   [Choisir une liste]
   Fermer
   ____________________ [BUTTON Input] (not implemented)__
   Fermer
   (Ajouter au panier) Ajouter au panier
   Qté ____________________ Plus Moins
   ª  2.90 €
   Gratin dauphinois la boîte de 450 g 5.77 €/kg
   Gratin dauphinois
   Ajouter à ma liste
   [Choisir une liste]
   Fermer
   ____________________ [BUTTON Input] (not implemented)__
   Fermer
   (Ajouter au panier) Ajouter au panier
   Qté ____________________ Plus Moins
   ª  2.60 €
   Flageolets verts fins, France le sachet de 600 g 3.25 €/kg
   Flageolets verts fins, France
   Ajouter à ma liste
   [Choisir une liste]
   Fermer
   ____________________ [BUTTON Input] (not implemented)__
   Fermer
   (Ajouter au panier) Ajouter au panier
   Qté ____________________ Plus Moins
   ª  1.95 €
   Pommes rissolées XL en cubes le sachet de 1 kg 1.80 €/kg
   Pommes rissolées XL en cubes
   Ajouter à ma liste
   [Choisir une liste]
   Fermer
   ____________________ [BUTTON Input] (not implemented)__
   Fermer
   (Ajouter au panier) Ajouter au panier
   Qté ____________________ Plus Moins
   ª  1.80 €
   Les Frites XL (découpe large) préfrites le sachet de 1 kg 1.80 €/kg
   Les Frites XL (découpe large) préfrites
   Ajouter à ma liste
   [Choisir une liste]
   Fermer
   ____________________ [BUTTON Input] (not implemented)__
   Fermer
   (Ajouter au panier) Ajouter au panier
   Qté ____________________ Plus Moins
   ª  1.80 €
   Gratin courge butternut, céréales,... la boîte de 200 g 10.00 €/kg
   Gratin courge butternut, céréales, fromage frais
   Ajouter à ma liste
   [Choisir une liste]
   Fermer
   ____________________ [BUTTON Input] (not implemented)__
   Fermer
   (Ajouter au panier) Ajouter au panier
   Qté ____________________ Plus Moins
   ª  2.00 €
   Röstis de pomme de terre, précuits, 6... le sachet de 600 g 4.91 €/kg
   Röstis de pomme de terre, précuits, 6 pièces
   Ajouter à ma liste
   [Choisir une liste]
   Fermer
   ____________________ [BUTTON Input] (not implemented)__
   Fermer
   (Ajouter au panier) Ajouter au panier
   Qté ____________________ Plus Moins
   ª  2.95 €
   Frites bio le sachet de 600 g 3.83 €/kg
   Frites bio
   Ajouter à ma liste
   [Choisir une liste]
   Fermer
   ____________________ [BUTTON Input] (not implemented)__
   Fermer
   (Ajouter au panier) Ajouter au panier
   Qté ____________________ Plus Moins
   ª  2.30 €
   Purée de courge butternut, patate douce le sachet de 600 g 3.25 €/kg
   Purée de courge butternut, patate douce
   Ajouter à ma liste
   [Choisir une liste]
   Fermer
   ____________________ [BUTTON Input] (not implemented)__
   Fermer
   (Ajouter au panier) Ajouter au panier
   Qté ____________________ Plus Moins
   ª  1.95 €
   Purée de pois cassés le sachet de 600 g 2.83 €/kg
   Purée de pois cassés
   Ajouter à ma liste
   [Choisir une liste]
   Fermer
   ____________________ [BUTTON Input] (not implemented)__
   Fermer
   (Ajouter au panier) Ajouter au panier
   Qté ____________________ Plus Moins
   ª  1.70 €
   Gratin de pomme de terre, oignon, comté la boîte de 220 g 9.09 €/kg
   Gratin de pomme de terre, oignon, comté
   Ajouter à ma liste
   [Choisir une liste]
   Fermer
   ____________________ [BUTTON Input] (not implemented)__
   Fermer
   (Ajouter au panier) Ajouter au panier
   Qté ____________________ Plus Moins
   ª  2.00 €
   Julienne de légumes, Italie le sachet de 450 g 3.22 €/kg
   Julienne de légumes, Italie
   Ajouter à ma liste
   [Choisir une liste]
   Fermer
   ____________________ [BUTTON Input] (not implemented)__
   Fermer
   (Ajouter au panier) Ajouter au panier
   Qté ____________________ Plus Moins
   ª  1.45 €
   -5% supp avec la carte Trio de fleurettes (brocolis,chou... le sachet
   de 600 g 2.91 €/kg
   Trio de fleurettes (brocolis,chou fleur,romanesco)
   Ajouter à ma liste
   [Choisir une liste]
   Fermer
   ____________________ [BUTTON Input] (not implemented)__
   Fermer
   (Ajouter au panier) Ajouter au panier
   Qté ____________________ Plus Moins
   ª  1.75 € 1.95€
   -5% supp avec la carte Gratin de pâte, épinard, poireau et... la boîte
   de 200 g 9.00 €/kg
   Gratin de pâte, épinard, poireau et sauce au comté
   Ajouter à ma liste
   [Choisir une liste]
   Fermer
   ____________________ [BUTTON Input] (not implemented)__
   Fermer
   (Ajouter au panier) Ajouter au panier
   Qté ____________________ Plus Moins
   ª  1.80 € 2.00€
   Légumes pour potage le sachet de 1 kg 1.95 €/kg
   Légumes pour potage
   Ajouter à ma liste
   [Choisir une liste]
   Fermer
   ____________________ [BUTTON Input] (not implemented)__
   Fermer
   (Ajouter au panier) Ajouter au panier
   Qté ____________________ Plus Moins
   ª  1.95 €
   Graine de couscous cuisinée à l'huile... le sachet de 600 g 4.91 €/kg
   Graine de couscous cuisinée à l'huile d'olive, bio
   Ajouter à ma liste
   [Choisir une liste]
   Fermer
   ____________________ [BUTTON Input] (not implemented)__
   Fermer
   (Ajouter au panier) Ajouter au panier
   Qté ____________________ Plus Moins
   ª  2.95 €
   Fèves extra-fines, Italie ou France le sachet de 600 g 4.58 €/kg
   Fèves extra-fines, Italie ou France
   Ajouter à ma liste
   [Choisir une liste]
   Fermer
   ____________________ [BUTTON Input] (not implemented)__
   Fermer
   (Ajouter au panier) Ajouter au panier
   Qté ____________________ Plus Moins
   ª  2.75 €
   Poêlée à la sarladaise le sachet de 600 g 4.66 €/kg
   Poêlée à la sarladaise
   Ajouter à ma liste
   [Choisir une liste]
   Fermer
   ____________________ [BUTTON Input] (not implemented)__
   Fermer
   (Ajouter au panier) Ajouter au panier
   Qté ____________________ Plus Moins
   ª  2.80 €
   Pommes noisettes la boîte de 450 g 2.44 €/kg
   Pommes noisettes
   Ajouter à ma liste
   [Choisir une liste]
   Fermer
   ____________________ [BUTTON Input] (not implemented)__
   Fermer
   (Ajouter au panier) Ajouter au panier
   Qté ____________________ Plus Moins
   ª  1.10 €
   Petits pois doux extra-fins, France le sachet de 450 g 3.11 €/kg
   Petits pois doux extra-fins, France
   Ajouter à ma liste
   [Choisir une liste]
   Fermer
   ____________________ [BUTTON Input] (not implemented)__
   Fermer
   (Ajouter au panier) Ajouter au panier
   Qté ____________________ Plus Moins
   ª  1.40 €
   Purée de pommes de terre au poulet et... la boîte de 450 g 6.22 €/kg
   Purée de pommes de terre au poulet et aux carottes
   Ajouter à ma liste
   [Choisir une liste]
   Fermer
   ____________________ [BUTTON Input] (not implemented)__
   Fermer
   (Ajouter au panier) Ajouter au panier
   Qté ____________________ Plus Moins
   ª  2.80 €
   Inédites trois légumes,... le sachet de 500 g 5.90 €/kg
   Inédites trois légumes, carottes,panais,betteraves
   Ajouter à ma liste
   [Choisir une liste]
   Fermer
   ____________________ [BUTTON Input] (not implemented)__
   Fermer
   (Ajouter au panier) Ajouter au panier
   Qté ____________________ Plus Moins
   ª  2.95 €
   Lentilles vertes, cuites le sachet de 450 g 5.55 €/kg
   Lentilles vertes, cuites
   Ajouter à ma liste
   [Choisir une liste]
   Fermer
   ____________________ [BUTTON Input] (not implemented)__
   Fermer
   (Ajouter au panier) Ajouter au panier
   Qté ____________________ Plus Moins
   ª  2.50 €
   Kid Smile le sachet de 750 g 2.93 €/kg
   Kid Smile
   Ajouter à ma liste
   [Choisir une liste]
   Fermer
   ____________________ [BUTTON Input] (not implemented)__
   Fermer
   (Ajouter au panier) Ajouter au panier
   Qté ____________________ Plus Moins
   ª  2.20 €
   Pommes duchesse le sachet de 1 kg 2.70 €/kg
   Pommes duchesse
   Ajouter à ma liste
   [Choisir une liste]
   Fermer
   ____________________ [BUTTON Input] (not implemented)__
   Fermer
   (Ajouter au panier) Ajouter au panier
   Qté ____________________ Plus Moins
   ª  2.70 €
   Pois croquants, Belgique le sachet de 600 g 4.91 €/kg
   Pois croquants, Belgique
   Ajouter à ma liste
   [Choisir une liste]
   Fermer
   ____________________ [BUTTON Input] (not implemented)__
   Fermer
   (Ajouter au panier) Ajouter au panier
   Qté ____________________ Plus Moins
   ª  2.95 €
   C'est nouveau Ecrasé de pomme de terre et patate douce la boîte de
   450 g 6.00 €/kg
   [icon_nouveaute.png]
   Ecrasé de pomme de terre et patate douce
   Ajouter à ma liste
   [Choisir une liste]
   Fermer
   ____________________ [BUTTON Input] (not implemented)__
   Fermer
   (Ajouter au panier) Ajouter au panier
   Qté ____________________ Plus Moins
   ª  2.70 €
   Wok de nouilles aux légumes la boîte de 200 g 10.00 €/kg
   Wok de nouilles aux légumes
   Ajouter à ma liste
   [Choisir une liste]
   Fermer
   ____________________ [BUTTON Input] (not implemented)__
   Fermer
   (Ajouter au panier) Ajouter au panier
   Qté ____________________ Plus Moins
   ª  2.00 €
   Duo de poivrons rouges et jaunes bio,... le sachet de 600 g 4.91 €/kg
   Duo de poivrons rouges et jaunes bio, Espagne
   Ajouter à ma liste
   [Choisir une liste]
   Fermer
   ____________________ [BUTTON Input] (not implemented)__
   Fermer
   (Ajouter au panier) Ajouter au panier
   Qté ____________________ Plus Moins
   ª  2.95 €
   Purée pomme de terre au beurre,à la... la boîte de 450 g 6.22 €/kg
   Purée pomme de terre au beurre,à la crème d'Isigny
   Ajouter à ma liste
   [Choisir une liste]
   Fermer
   ____________________ [BUTTON Input] (not implemented)__
   Fermer
   (Ajouter au panier) Ajouter au panier
   Qté ____________________ Plus Moins
   ª  2.80 €
   Légumes pour wok bio le sachet de 600 g 4.75 €/kg
   Légumes pour wok bio
   Ajouter à ma liste
   [Choisir une liste]
   Fermer
   ____________________ [BUTTON Input] (not implemented)__
   Fermer
   (Ajouter au panier) Ajouter au panier
   Qté ____________________ Plus Moins
   ª  2.85 €
   Poêlée de pommes de terre grenaille le sachet de 450 g 6.55 €/kg
   Poêlée de pommes de terre grenaille
   Ajouter à ma liste
   [Choisir une liste]
   Fermer
   ____________________ [BUTTON Input] (not implemented)__
   Fermer
   (Ajouter au panier) Ajouter au panier
   Qté ____________________ Plus Moins
   ª  2.95 €
   Bol vapeur brocolis-choux... le bol de 250 g 5.60 €/kg
   Bol vapeur brocolis-choux fleurs-carottes
   Ajouter à ma liste
   [Choisir une liste]
   Fermer
   ____________________ [BUTTON Input] (not implemented)__
   Fermer
   (Ajouter au panier) Ajouter au panier
   Qté ____________________ Plus Moins
   ª  1.40 €
   Poêlée à la bretonne le sachet de 1 kg 2.95 €/kg
   Poêlée à la bretonne
   Ajouter à ma liste
   [Choisir une liste]
   Fermer
   ____________________ [BUTTON Input] (not implemented)__
   Fermer
   (Ajouter au panier) Ajouter au panier
   Qté ____________________ Plus Moins
   ª  2.95 €
   Inédites à la patate douce, patates... le sachet de 500 g 5.90 €/kg
   Inédites à la patate douce, patates douce enrobées
   Ajouter à ma liste
   [Choisir une liste]
   Fermer
   ____________________ [BUTTON Input] (not implemented)__
   Fermer
   (Ajouter au panier) Ajouter au panier
   Qté ____________________ Plus Moins
   ª  2.95 €
   -5% supp avec la carte Haricots verts bio, France ou Italie le sachet
   de 600 g 3.83 €/kg
   Haricots verts bio, France ou Italie
   Ajouter à ma liste
   [Choisir une liste]
   Fermer
   ____________________ [BUTTON Input] (not implemented)__
   Fermer
   (Ajouter au panier) Ajouter au panier
   Qté ____________________ Plus Moins
   ª  2.30 € 2.60€
   Potage de légumes verts le sachet de 1 kg 2.95 €/kg
   Potage de légumes verts
   Ajouter à ma liste
   [Choisir une liste]
   Fermer
   ____________________ [BUTTON Input] (not implemented)__
   Fermer
   (Ajouter au panier) Ajouter au panier
   Qté ____________________ Plus Moins
   ª  2.95 €
   Haut de page
     * 1
     * 2
     * 3
     * 4

     *
     *

   Afficher [50__] par page

   Trier par [Pertinence_________]

   Clicking moves Picard vous répond

   “ Je viens de regarder un reportage TV qui concernait les "acides gras
   trans", c'est-à-dire hydrogénés... ”
   Lire la suite

   “ Pourriez-vous me confirmer que les informations nutritionnelles
   mentionnées sur vos emballages s’ent... ”
   Lire la suite

   “ Colin d’Alaska, colin lieu, quelles sont les différences ? ”
   Lire la suite

   “ A quoi correspondent exactement les pourcentages des « AJR » qui sont
   indiqués dans certains tableau... ”
   Lire la suite

   “ Picard propose de nombreux plats exotiques. Leur fabrication est-elle
   effectuée en France ? Certains... ”
   Lire la suite

   “ Quelle est la différence entre les mentions "production française" et
   "produit élaboré en France" ”
   Lire la suite

   “ L’emballage des produits BIO comporte 2 types d'informations sur
   l'origine avec une mention « Agric... ”
   Lire la suite

   “ Trouve-t-on des ajouts de conservateurs tels que les sulfites dans
   vos produits ? ”
   Lire la suite

   “ Je trouve le prix de vos filets de sole mer du Nord très élevé en
   comparaison avec les soles fraîche... ”
   Lire la suite

   “ Après cuisson des lobes de foie gras, je constate quelquefois une
   proportion de graisse importante. ... ”
   Lire la suite

   “ Pourquoi y a-t-il de la gélatine de porc dans certains de vos
   desserts glacés ? Est-ce vraiment néce... ”
   Lire la suite

   “ J’aimerais avoir la liste des herbes et aromates qui sont irradiés,
   car sur aucun de vos emballages ... ”
   Lire la suite

   “ Comment puis-je distinguer les poissons d'élevage des poissons
   sauvages parmi les espèces disponible... ”
   Lire la suite

   “ J'ai découvert récemment un nouveau logo pour la viande bovine
   Française. A quoi correspond ce logo ... ”
   Lire la suite

   “ Pourquoi certaines langoustines ont-elles des têtes vertes ? ”
   Lire la suite

   “ Pourquoi vos noix de Saint-Jacques ont-elles quelquefois très peu de
   corail ? Cela nuit à la présent... ”
   Lire la suite

   “ Comment puis-je m’assurer que le thon de couleur rouge que vous
   commercialisez en découpes ou dans l... ”
   Lire la suite

   “ Pourquoi ne trouve-t-on pas de « gambas » dans votre gamme ? Quelle
   est la différence avec des creve... ”
   Lire la suite

   “ Pourquoi ajoutez-vous du sucre dans certains de vos plats cuisinés ?
   Lorsque l'on souhaite réduire s... ”
   Lire la suite

   “ Je consomme beaucoup de légumes surgelés et j’aimerais m’assurer que
   les emballages ne renferment pa... ”
   Lire la suite

   “ Importez-vous des produits du Japon et quelles sont les conséquences
   sanitaires suite à l’incident d... ”
   Lire la suite

   “ J’ai entendu dire que Picard éditait un catalogue en braille pour les
   non-voyants. Qu’en est-il et o... ”
   Lire la suite

   “ Depuis quelques mois vous me livrez à domicile et j’aimerais savoir
   quelle est la quantité maximale ... ”
   Lire la suite

   “ Est-il possible de laver la glacière en coton équitable en machine à
   laver ? ”
   Lire la suite

   “ Je souhaiterais savoir si la teneur en pesticides des fruits et
   légumes que vous vendez est systémat... ”
   Lire la suite

   “ Pouvez-vous me confirmer que des poissons conservés plusieurs mois à
   l’état surgelé ne perdent pas l... ”
   Lire la suite

   “ Pouvez-vous me préciser ce que garantit le « LABEL ROUGE » sur vos
   brochettes de crevettes ? ”
   Lire la suite

   “ Plusieurs distributeurs ont pris la décision de ne plus
   commercialiser certaines espèces de poissons... ”
   Lire la suite

   “ Les mini-brochettes de poulet au miel et au thym sont excellentes,
   mais, surprise quand je découvre ... ”
   Lire la suite

   “ Pouvez-vous me préciser si les mono et diglycérides d’acides gras
   présents dans certains de vos prod... ”
   Lire la suite

   “ Quelle est la différence entre votre nouvelle gamme « Tout bon, tout
   veggie* » et les autres produit... ”
   Lire la suite

   “ Avez-vous des conseils pour décongeler rapidement des filets de
   poisson ? Est-il possible de les lai... ”
   Lire la suite

   “ Certains de vos produits contiennent de l'huile de palme. Quelle est
   votre politique en la matière ? ”
   Lire la suite

   “ Je souhaite savoir si vous réalisez toujours des tests ADN sur les
   viandes utilisées dans vos plats ... ”
   Lire la suite

   “ Que signifient les étoiles qui figurent à côté des dénominations de
   certaines viandes ? ”
   Lire la suite

   “ Pourquoi vos crevettes nordiques présentent souvent des œufs, alors
   que ce n'est jamais le cas pour ... ”
   Lire la suite

   “ J'achète régulièrement des biftecks hachés. J'aimerais savoir
   pourquoi il est écrit sur l'emballage ... ”
   Lire la suite

   “ Pour vos filets de poisson présentés avec peau, les valeurs
   nutritionnelles affichées sur l'emballag... ”
   Lire la suite

   “ Picard propose-t-il des produits sans gluten ? ”
   Lire la suite

   “ Je suis déçu par vos pavés de loup de mer, je ne retrouve pas les
   qualités du loup (bar) que j’ai l’... ”
   Lire la suite

   “ A l’heure du développement durable, pourquoi aller chercher des
   produits aux antipodes comme l’agnea... ”
   Lire la suite

   “ Pouvez-vous me préciser ce que signifie le logo «100% muscle» qui se
   trouve sur les emballages des s... ”
   Lire la suite

   “ Pourquoi tous vos poissons ne portent-ils pas l'écolabel MSC ? ”
   Lire la suite

   “ Pourquoi certains de vos ingrédients apparaissent en gras dans les
   listes d'ingrédients sur vos emba... ”
   Lire la suite

   “ J'ai remarqué que l'emballage des filets de colin lieu MSC, propose
   des informations sur l"origine e... ”
   Lire la suite

   “ Pourquoi avez-vous changé la recette de la quiche lorraine, qui est
   d'ailleurs plus chère qu'avant ? ”
   Lire la suite

   “ Comment savoir où sont fabriqués vos produits et d'où viennent les
   ingrédients utilisés dans les pré... ”
   Lire la suite

   “ J'ai remarqué que les sachets de julienne de légumes présentent
   souvent des blocs agglomérés et du g... ”
   Lire la suite

   “ Les légumes surgelés ont-ils des qualités nutritionnelles
   équivalentes aux légumes frais ? ”
   Lire la suite

   “ Vous vendez déjà des brochettes toutes prêtes. Avez-vous une offre si
   on souhaite les faire soi-même... ”
   Lire la suite

   “ Est-ce possible d’utiliser vos poissons pour une consommation crue,
   pour confectionner des sushis pa... ”
   Lire la suite

   “ J’aimerais en savoir plus sur vos engagements et vos actions pour le
   climat ? ”
   Lire la suite

   “ J’ai découvert récemment vos pavés de bonite à ventre rayé : vu l...
   ”
   Lire la suite

   “ J'ai remarqué un nouveau label sur vos produits de la mer, que
   signifie ASC ? ”
   Lire la suite

   “ Pourquoi l’emballage des myrtilles bio préconise-t-il de cuire les
   fruits ? N’est-il pas possible de... ”
   Lire la suite

   “ Quelle est la différence entre un produit congelé et un produit
   surgelé ? ”
   Lire la suite

   “ Où s’inscrire au programme de fidélité ? ”
   Lire la suite

   “ Comment trouver la liste d’ingrédient ou les valeurs nutritionnelles
   d’un produit ? ”
   Lire la suite

   “ Comment contacter le service consommateur ? ”
   Lire la suite

   “ Comment trouver le magasin le plus proche de chez moi ? ”
   Lire la suite

   “ Est-il possible de commander des chèques cadeaux Picard ? ”
   Lire la suite

   “ Puis-je payer en ticket restaurant mes achats ? ”
   Lire la suite

   “ Comment ajouter des produits à ma commande ? ”
   Lire la suite

   “ Mon code promo ne fonctionne pas ”
   Lire la suite

   “ Quelle est la date de validité des promotions ? ”
   Lire la suite

   “ Peut-on retirer sa commande en magasin ? ”
   Lire la suite

   “ J’aimerais des précisions sur la mention qui figure sur tous vos
   emballages «ne jamais recongeler un... ”
   Lire la suite

   “ Je suis bloqué sur ma commande, que faire ? ”
   Lire la suite

   “ Quel est le montant minimum pour se faire livrer ? ”
   Lire la suite

   “ Un décret récent impose l’indication de l’origine des viandes dans
   les produits pr&eac... ”
   Lire la suite

   “ Votre mélange de légumes pour potage est très pratique pour élaborer
   rap... ”
   Lire la suite

   “ Récemment, j’ai lu plusieurs articles concernant la dangerosité de
   l’additif dioxyde de titane : pou... ”
   Lire la suite

   “ Je trouve que certains de vos produits ont des emballages superflus,
   ce qui va à l’encontre des préo... ”
   Lire la suite

   “ J’achète régulièrement des Saint-Jacques qui viennent de pays
   éloignés (Chili, Argentine …), mais je... ”
   Lire la suite
   Clicking moves
   Clicking moves Santé & Nutrition

   “ Qui se cache réellement derrière ce que l’on appelle « légumes » ?
   Entre haricots verts, épinards, p... ”
   Lire la suite

   “ Manger cinq fruits et légumes par jour, c’est facile toute l’année.
   Mais pour profiter de leur saveu... ”
   Lire la suite

   “ Les français consomment en moyenne 10 g / jour de sel alors que les
   besoins sont évalués à 3 à 5 g /... ”
   Lire la suite

   “ Rien de tel qu’un grand bol de potage chaud pour se réchauffer et se
   réconforter. Mais saviez-vous q... ”
   Lire la suite

   “ Calorique, grasse, lourde... La pomme de terre n’a pas la vie facile
   avec toutes ces idées reçues ! ... ”
   Lire la suite

   “ Les sulfites : derrière ce nom bien étrange se cache un ingrédient
   que l’on retrouve tous les jours ... ”
   Lire la suite

   Lire la suite

   “ Depuis 35 ans, Picard engage tout son savoir-faire et son exigence
   pour garantir des produits de qua... ”
   Lire la suite

   “ Des poivrons en janvier, du concombre en novembre, c’est possible !
   Avec une gamme de 87 variétés de... ”
   Lire la suite

   “ Une noisette de beurre, un filet d’huile d’olive... Les matières
   grasses sont recommandées pour fair... ”
   Lire la suite

   “ Aujourd’hui, chaque français consomme, par an, 29 kilos de poissons,
   coquillages et crustacés. Soit ... ”
   Lire la suite

   “ « Faible teneur en sucres », « pauvre en sodium », « riche en
   minéraux », « allégé »... Les allégati... ”
   Lire la suite

   “ « Amines = nécessaires à la vie », les vitamines sont des molécules
   indispensables au bon fonctionne... ”
   Lire la suite

   Lire la suite

   “ Voilà plus de 20 ans déjà que Picard nous propose un pain
   croustillant et moelleux à cœur. Avec les ... ”
   Lire la suite

   “ De l’entrée au dessert, Picard vous propose désormais une gamme de
   marques crées pour les régimes sa... ”
   Lire la suite

   “ Les produits de la mer sont la matière première la plus
   commercialisée au monde. Au cours des 50 der... ”
   Lire la suite

   “ Le petit-déjeuner est le repas le plus important de la journée. Il
   évite le coup de fatigue de 11h e... ”
   Lire la suite

   “ Picard a mis en place des processus permettant d’offrir un poisson
   extra-frais, notamment issu d’une... ”
   Lire la suite

   “ La notion d'agriculture biologique n'est pas récente : ses principes
   ont été introduits en France ap... ”
   Lire la suite

   “ Partout en Asie, les légumes ont la part belle. On en profite pour
   découvrir le beau mélange de légu... ”
   Lire la suite

   “ Si le calcium est associé aux produits laitiers, saviez-vous que
   d'autres aliments comme le chou ou ... ”
   Lire la suite

   “ L’Auvergne est une région d’élevage de bovins qui produit une viande
   reconnue pour ses saveurs excep... ”
   Lire la suite

   “ Hautes qualités gustatives et nutritionnelles, grande fraîcheur,
   facilité d’utilisation… les produit... ”
   Lire la suite

   “ La fréquence des allergies alimentaires a doublé en 5 ans. Entre 4 et
   8,5% des enfants de moins de 3... ”
   Lire la suite

   Lire la suite

   “ L’Alaska est une terre du bout du monde. Dans ses eaux pures, on ne
   trouve que du poisson sauvage pê... ”
   Lire la suite

   Lire la suite

   Lire la suite

   “ Les amateurs de poissons crus sont de plus en plus nombreux en
   France. Rien de tel en effet pour ret... ”
   Lire la suite

   “ Comme le petit-déjeuner, le goûter est un repas indispensable à la
   bonne forme et au bien-être des e... ”
   Lire la suite

   “ Un peu de thym, une pincée d’aneth... les herbes aromatiques sont
   aujourd’hui presque automatiques. ... ”
   Lire la suite

   “ Chez Picard, la majorité des ventes de produits de la mer sauvages
   porte le label "Pêche durable MSC... ”
   Lire la suite

   Lire la suite

   Lire la suite

   Lire la suite

   “ Découvrez les engagements Picard en matière de produits labellisés,
   de produits élaborés en France e... ”
   Lire la suite

   “ Chaque année, l’agriculture biologique gagne du terrain avec un
   nombre croissant d’exploitants agric... ”
   Lire la suite

   Lire la suite

   “ Plus de 100 références de produits de la mer chez Picard pour se
   faire plaisir, cultiver chaque jour... ”
   Lire la suite

   “ Sources de nombreux nutriments, les produits de la mer sont
   excellents pour la santé. Tour d’horizon... ”
   Lire la suite

   “ Les falafels sont de délicieuses boulettes libanaises cuisinées à
   base de pois chiches, d’aromates, ... ”
   Lire la suite

   “ Cette petite prune ronde à la robe jaune intense arrive à maturité à
   la fin de l’été. Aussi délicieu... ”
   Lire la suite

   “ Avec la gamme + d’équilibre, Picard propose des plats équilibrés qui
   ne transigent pas avec le plais... ”
   Lire la suite

   “ Quel est le secret de la fraîcheur et de la finesse des Saint-Jacques
   françaises de Picard ? Sélecti... ”
   Lire la suite

   “ Avocat, edamame, myrtilles, lentilles, brocolis... Découvrez tous les
   bienfaits de ces savoureux pro... ”
   Lire la suite

   “ Margot est une jeune femme pétillante qui prend la vie côté healthy*
   et la partage généreusement via... ”
   Lire la suite

   “ Picard a mis le cap sur le régime végétarien depuis plusieurs années
   afin d’accompagner les choix al... ”
   Lire la suite

   Lire la suite
   Clicking moves
     * Produits
     * C'est nouveau
     * Prix réduits
     * En cuisine
     * Les légumes
     * Les fruits
     * Les viandes & volailles
     * Les poissons & crustacés
     * Les indispensables du cuisinier
     * À table !
     * Les apéritifs
     * Les entrées, tartes et salades
     * Les plats cuisinés
     * Cuisine évasion
     * Les pains & viennoiseries
     * Les pâtisseries
     * Les glaces & sorbets
     * L'épicerie
     * Des assiettes à part
     * Les jours trop bons
     * Soupes et potages
     * Tout à moins de 3 €
     * Le bio & produits labellisés
     * Les régimes alimentaires

     * Idées à cuisiner
     * Les apéritifs
     * Les entrées
     * Les plats
     * Les desserts
     * La recette du mois
     * L'inspiration Minute
     * Qualité & Savoir-faire
     * Les actualités
     * Tendance et Innovation
     * Santé et Nutrition
     * Conservation et Cuisson
     * Nos Partenaires
     * Picard vous répond
     * Les webdocs

   Magasins
   Retrouvez-nous sur
     * Facebook
     * Twitter
     * Youtube
     * Pinterest
     * Instagram

   Contactez-nous au 0 820 16 00 39 Du lundi au samedi de 8h à 19h.
     * Picard Entreprise
     * Qui sommes nous
     * Les valeurs Picard
     * Picard à votre service
     * Picard en chiffres
     * Travailler chez Picard
     * Recrutement
     * Informations financières / Financial Information
     * Espace Presse

   Rejoignez-nous !
     * Travailler chez Picard
     * Consulter les offres
     * Devenir franchisé Picard

     * Livraison à domicile
       Du lundi au samedi,
       de 7h à  21h selon localités.
     * Recettes & astuces
       Plus de 1500 fiches
       pratiques.
     * Le plus grand choix
       Tous les produits Picard :
       grands classiques et dernières nouveautés.

     * carte bleue
     * Visa
     * Master Card
     * American Express

     * FAQ
     * Guide de navigation
     * Plan du site
     * Contact
     * CGV et CGU du site
     * Conditions du programme picard et moi
     * Données personnelles et cookies

   tarif TTC valable du 16/09/2019 au 20/10/2019 dans nos magasins et en
   livraison à domicile (pour Paris, région parisienne et la plupart des
   grandes villes)
   RichNav Démarer la vidéo Creneaux
   IFRAME: //www.googletagmanager.com/ns.html?id=GTM-WLRN96

   Livraison de surgelés à domicile Picard

Posez votre question*Champs obligatoires

   Vous souhaitez obtenir un renseignement, un complément d'information
   Écrivez-nous tout de suite et nous vous répondons dans les meilleurs
   délais.

   Objet :*
     * Choisir
     * Programme Picard et Moi
     * Demande de catalogue
     * Gestion de compte société
     * Livrez-vous ma localité ?
     * Question sur l'application mobile
     * Question sur le site WEB
     * Réclamation produit
          + - Livraison à domicile
          + - Magasin
     * Réclamation commerciale
          + - Livraison à domicile
          + - Magasin
     * Renseignement magasin
     * Renseignement produit
     * Suivi de commande et livraison
     * Divers
          + - Livraison à domicile
          + - Magasin

   Veuillez sélectionner l'objet de votre demande dans la liste déroulante

   Civilité :* [Monsieur]

   Nom :* ____________________
   Prénom :* ____________________

   E-mail :* ____________________

   Adresse :* ____________________

   Ville :* ____________________

   Code postal :* ____________________

   Magasin :* ____________________

   Code article :* ____________________

   Libellé article :* ____________________

   Société :* ____________________

   Contact :* ____________________

   Numéro de commande :* ____________________

   Numéro de lot :* ____________________

   Question :*
   ____________________________________________________________
   ____________________________________________________________
   ____________________________________________________________
   ____________________________________________________________

   Champ libre :*
   ____________________________________________________________
   ____________________________________________________________
   ____________________________________________________________
   ____________________________________________________________

   (send) Envoyer
   Votre demande a bien été envoyée

   Vos données à caractère personnel font l’objet d’un traitement mis en
   œuvre par la société PICARD SURGELES selon les modalités définies dans
   notre politique de données personnelles. Elles sont traitées sur la
   base de votre consentement afin de répondre à vos questions.

   Seuls ont accès aux données, dans la limite de leurs attributions
   respectives, (i) les services de la société PICARD SURGELES et (ii) les
   prestataires habilités à traiter vos données uniquement pour le compte
   de la société PICARD SURGELES.

   Les données à fournir de manière obligatoire sont indiquées comme
   telles sur le formulaire. Sans ces données, notre société ne sera pas
   en mesure de satisfaire votre demande.

   Conformément à la loi Informatique et libertés du 6 janvier 1978
   modifiée et au règlement européen général sur la protection des données
   à caractère personnel (UE) 2016/679 du 27 avril 2016, vous disposez
   d’un droit d’accès et d’un droit de rectification des données vous
   concernant et, s’ils sont applicables, d’un droit de suppression, d’un
   droit d’opposition au traitement de vos données, d’un droit à
   l’effacement et à la limitation du traitement ainsi que d’un droit à la
   portabilité de vos données. Vous disposez également du droit de définir
   des directives relatives au sort de vos données après votre décès. Vous
   pouvez exercer vos droits, à tout moment, en effectuant une demande
   écrite accompagnée d’un justificatif d’identité par voie électronique à
   l’adresse cnil@picard.fr ou par courrier postal adressé au Service
   Information Consommateur CS 30038 77797 Nemours. A tout moment vous
   pouvez gérer vos abonnements aux services proposés dans la rubrique
   « Mon Compte » sur picard.fr et dans l’application mobile. Vous
   disposez enfin du droit d’introduire une réclamation auprès de la
   Commission nationale de l’informatique et des libertés (Cnil).
   Vos données sont conservées pendant une durée de trois ans à compter de
   leur collecte ou du dernier contact. Les données permettant d'établir
   la preuve d'un droit ou d'un contrat, ou conservées au titre du respect
   d'une obligation légale sont archivées conformément aux dispositions en
   vigueur.




   Lorsque vous naviguez sur notre site internet, des informations sont
   susceptibles d'être enregistrées, ou lues, dans votre terminal, sous
   réserve de vos choix.

   Acceptez-vous le dépôt et la lecture de cookies afin que nous et nos
   partenaires puissions analyser vos centres d'intérêts pour vous
   proposer des publicités personnalisées ?* ( ) Oui ( ) Non

   Acceptez-vous le dépôt et la lecture de cookies afin que nous et nos
   partenaires puissions analyser vos centres d'intérêts pour vous
   proposer des publicités personnalisées ?* ( ) Oui ( ) Non

   Acceptez-vous le dépôt et/ou la lecture de cookies pour vous permettre
   de partager des contenus de notre site avec d'autres personnes ou de
   faire connaître à ces autres personnes votre consultation ou votre
   opinion  (boutons "J'aime" de Facebook par exemple) :* (*) Oui ( ) Non


   Livraison de surgelés à domicile Picard

   Livraison à domicile du Lundi au Samedi de 7h à 21h selon localités.
     * Contactez-nous
     * Appli iPhone et Android

   Vos courses et des idées gourmandes en quelques clics

   Picard&Moi Votre programme de fidélité
   Mon compte
   Rechercher un produi Submit

     *
     * Produits
     * Idées à cuisiner
     * Qualité & savoir-faire
     * Magasins
     * Mon compte
     *
     *
     *

   Vous n'avez pas sélectionné de produit Besoin d'aide ?
   Vous n'avez pas sélectionné de produit Besoin d'aide ?
     *
     *

     * Les rayons
     * Tout afficher

     * En cuisine
     *   Les légumes
     *   Les fruits
     *   Les viandes & volailles
     *   Les poissons & crustacés
     *   Les indispensables du cuisinier

     * À table !
     *   Les apéritifs
     *   Les entrées, tartes et salades
     *   Les plats cuisinés
     *   Cuisine évasion
     *   Les pains & viennoiseries
     *   Les pâtisseries
     *   Les glaces & sorbets
     *   L'épicerie

     * Des assiettes à part
     *   Les jours trop bons
     *   C'est nouveau
     *   Prix réduits
     *   Soupes et potages
     *   Tout à moins de 3 €
     *   Le bio & produits labellisés
     *   Les régimes alimentaires

   Nouveau Tout afficher

   2 soufflés à l'emmental la boîte de 200 g 14.75 €/kg
   2 soufflés à l'emmental
   2.95 €
   Ajouter à ma liste
   [Choisir une liste]
   Fermer
   ____________________ [BUTTON Input] (not implemented)__
   Fermer
   (Ajouter au panier) Ajouter au panier
   Qté ____________________ Plus Moins
   Prix réduits Tout afficher

   Gratin de pâte, épinard, poireau et... la boîte de 200 g 9.00 €/kg
   Gratin de pâte, épinard, poireau et sauce au comté
   1.80 € 2.00 €
   Ajouter à ma liste
   [Choisir une liste]
   Fermer
   ____________________ [BUTTON Input] (not implemented)__
   Fermer
   (Ajouter au panier) Ajouter au panier
   Qté ____________________ Plus Moins
   Fermer
   Découvrez les recettes, les suggestions et les menus pour trouver des
   idées pour chaque plat.
   Idées à cuisiner Tout afficher
     * Les recettes
     * Toutes les recettes

   Les apéritifs Les apéritifs
   Les entrées Les entrées
   Les plats Les plats
   Les desserts Les desserts
     * Les suggestions

   La recette du mois
   La recette du mois

   Velouté de fèves à la menthe
   Découvrir
   L’inspiration Minute
   Fermer
   Les actualités Tout afficher

   La mirabelle de Lorraine : Cette petite prune ronde à la robe jaune
   intense arrive à maturité à la fin de l’été. Aussi délicieuse cuite
   q...
   Lire la suite
   La mirabelle de Lorraine

   La RSE chez Picard : bilan de notre engagement : Picard, un acteur
   engagé en matière de Responsabilité sociale et environnementale....
   Lire la suite
   La RSE chez Picard : bilan de notre engagement
   Picard vous répond
   Qualité et savoir-faire

   Qualité & Savoir-Faire

   Découvrez tous les sujets qui
   nourrissent l'alimentation,
   et nos réponses : petits secrets et grandes vérités au menu.
   Parcourir
     * Tendance et Innovation
       Tendance et Innovation
     * Santé et Nutrition
       Santé et Nutrition
     * Conservation et Cuisson
       Conservation et Cuisson
     * Nos Partenaires
       Nos Partenaires
     * Les webdocs Les webdocs

   Fermer
     * Mon compte
     * Fermer

     * accéder à mon compte
     * Mes paramètres
          + Mes informations personnelles
          + Mes abonnements
          + Mes adresses
          + Mes magasins Picard
          + Mes préférences
     * Mes commandes
          + Consulter mes commandes
     * Mes Favoris
          + Mes recettes
          + Mes listes de courses
          + Mes critères de recherche

   Se déconnecter
   Accueil    /
   Tous les rayons    /
   Tout à moins de 3 €
   Tout à moins de 3 € surgelé
     * Tout à moins de 3 €
     * Changer de rayon
          +  C'est nouveau
          +  Prix réduits
          +  Les légumes
          +  Les fruits
          +  Les viandes & volailles
          +  Les poissons & crustacés
          +  Les indispensables du cuisinier
          +  Les apéritifs
          +  Les entrées, tartes et salades
          +  Les plats cuisinés
          +  Cuisine évasion
          +  Les pains & viennoiseries
          +  Les pâtisseries
          +  Les glaces & sorbets
          +  L'épicerie
          +  Les jours trop bons
          +  Soupes et potages
          +  Tout à moins de 3 €
          +  Le bio & produits labellisés
          +  Les régimes alimentaires

Tout à moins de 3 €

   Découvrez plus de 400 produits à moins de 3 €, pour que chaque repas
   pris en famille, en solo, au saut du lit ou encore entre amis, soit un
   moment savoureux et équilibré. Fidèle à ses engagements, Picard vous
   propose un vaste choix de goûts et de saveurs pour varier les plaisirs
   tout au long de l'année.
   Trouver un produit Tomate, carpaccio, v Submit
   Recherche affinée Utilisez les critères pour trouver le produit de vos
   envies.
   [Mes critèress]
     * Afficher tous les produits
     * Afficher les suggestions du mois

   En cuisine
     * Les légumes
     * Les viandes et volailles
     * Les poissons
     * Les fruits
     * Les indispensables du cuisinier

     *   Les viandes et volailles

   Enregistrer ces critères

   [Nouveau]

   (BUTTON) OK Fermer
   Votre Critère a bien été créé
   Critère mis à jour
   Ce nom de critère existe déjà
   ____________________ (save_criteria) OK Fermer
   6 produits
     *
     *

   Trier par [Pertinence_________]

   2 cordons bleus de poulet la boîte de 200 g 12.00 €/kg
   2 cordons bleus de poulet
   Ajouter à ma liste
   [Choisir une liste]
   Fermer
   ____________________ [BUTTON Input] (not implemented)__
   Fermer
   (Ajouter au panier) Ajouter au panier
   Qté ____________________ Plus Moins
   ª  2.40 €
   Boulettes de viande recette suédoise le sachet de 350 g 8.57 €/kg
   Boulettes de viande recette suédoise
   Ajouter à ma liste
   [Choisir une liste]
   Fermer
   ____________________ [BUTTON Input] (not implemented)__
   Fermer
   (Ajouter au panier) Ajouter au panier
   Qté ____________________ Plus Moins
   ª  3.00 €
   2 boudins noirs aux pommes, cuits la boîte de 250 g 11.60 €/kg
   2 boudins noirs aux pommes, cuits
   Ajouter à ma liste
   [Choisir une liste]
   Fermer
   ____________________ [BUTTON Input] (not implemented)__
   Fermer
   (Ajouter au panier) Ajouter au panier
   Qté ____________________ Plus Moins
   ª  2.90 €
   2 cheeseburgers la boîte de 270 g 8.51 €/kg
   2 cheeseburgers
   Ajouter à ma liste
   [Choisir une liste]
   Fermer
   ____________________ [BUTTON Input] (not implemented)__
   Fermer
   (Ajouter au panier) Ajouter au panier
   Qté ____________________ Plus Moins
   ª  2.30 €
   2 boudins noirs aux oignons, cuits la boîte de 250 g 11.60 €/kg
   2 boudins noirs aux oignons, cuits
   Ajouter à ma liste
   [Choisir une liste]
   Fermer
   ____________________ [BUTTON Input] (not implemented)__
   Fermer
   (Ajouter au panier) Ajouter au panier
   Qté ____________________ Plus Moins
   ª  2.90 €
   8 nuggets de poulet, spécial micro-ondes la boîte de 160 g 13.12 €/kg
   8 nuggets de poulet, spécial micro-ondes
   Ajouter à ma liste
   [Choisir une liste]
   Fermer
   ____________________ [BUTTON Input] (not implemented)__
   Fermer
   (Ajouter au panier) Ajouter au panier
   Qté ____________________ Plus Moins
   ª  2.10 €
   Haut de page
     *
     *

   Trier par [Pertinence_________]

   Clicking moves Picard vous répond

   “ Je viens de regarder un reportage TV qui concernait les "acides gras
   trans", c'est-à-dire hydrogénés... ”
   Lire la suite

   “ Pourriez-vous me confirmer que les informations nutritionnelles
   mentionnées sur vos emballages s’ent... ”
   Lire la suite

   “ Colin d’Alaska, colin lieu, quelles sont les différences ? ”
   Lire la suite

   “ A quoi correspondent exactement les pourcentages des « AJR » qui sont
   indiqués dans certains tableau... ”
   Lire la suite

   “ Picard propose de nombreux plats exotiques. Leur fabrication est-elle
   effectuée en France ? Certains... ”
   Lire la suite

   “ Quelle est la différence entre les mentions "production française" et
   "produit élaboré en France" ”
   Lire la suite

   “ L’emballage des produits BIO comporte 2 types d'informations sur
   l'origine avec une mention « Agric... ”
   Lire la suite

   “ Trouve-t-on des ajouts de conservateurs tels que les sulfites dans
   vos produits ? ”
   Lire la suite

   “ Je trouve le prix de vos filets de sole mer du Nord très élevé en
   comparaison avec les soles fraîche... ”
   Lire la suite

   “ Après cuisson des lobes de foie gras, je constate quelquefois une
   proportion de graisse importante. ... ”
   Lire la suite

   “ Pourquoi y a-t-il de la gélatine de porc dans certains de vos
   desserts glacés ? Est-ce vraiment néce... ”
   Lire la suite

   “ J’aimerais avoir la liste des herbes et aromates qui sont irradiés,
   car sur aucun de vos emballages ... ”
   Lire la suite

   “ Comment puis-je distinguer les poissons d'élevage des poissons
   sauvages parmi les espèces disponible... ”
   Lire la suite

   “ J'ai découvert récemment un nouveau logo pour la viande bovine
   Française. A quoi correspond ce logo ... ”
   Lire la suite

   “ Pourquoi certaines langoustines ont-elles des têtes vertes ? ”
   Lire la suite

   “ Pourquoi vos noix de Saint-Jacques ont-elles quelquefois très peu de
   corail ? Cela nuit à la présent... ”
   Lire la suite

   “ Comment puis-je m’assurer que le thon de couleur rouge que vous
   commercialisez en découpes ou dans l... ”
   Lire la suite

   “ Pourquoi ne trouve-t-on pas de « gambas » dans votre gamme ? Quelle
   est la différence avec des creve... ”
   Lire la suite

   “ Pourquoi ajoutez-vous du sucre dans certains de vos plats cuisinés ?
   Lorsque l'on souhaite réduire s... ”
   Lire la suite

   “ Je consomme beaucoup de légumes surgelés et j’aimerais m’assurer que
   les emballages ne renferment pa... ”
   Lire la suite

   “ Importez-vous des produits du Japon et quelles sont les conséquences
   sanitaires suite à l’incident d... ”
   Lire la suite

   “ J’ai entendu dire que Picard éditait un catalogue en braille pour les
   non-voyants. Qu’en est-il et o... ”
   Lire la suite

   “ Depuis quelques mois vous me livrez à domicile et j’aimerais savoir
   quelle est la quantité maximale ... ”
   Lire la suite

   “ Est-il possible de laver la glacière en coton équitable en machine à
   laver ? ”
   Lire la suite

   “ Je souhaiterais savoir si la teneur en pesticides des fruits et
   légumes que vous vendez est systémat... ”
   Lire la suite

   “ Pouvez-vous me confirmer que des poissons conservés plusieurs mois à
   l’état surgelé ne perdent pas l... ”
   Lire la suite

   “ Pouvez-vous me préciser ce que garantit le « LABEL ROUGE » sur vos
   brochettes de crevettes ? ”
   Lire la suite

   “ Plusieurs distributeurs ont pris la décision de ne plus
   commercialiser certaines espèces de poissons... ”
   Lire la suite

   “ Les mini-brochettes de poulet au miel et au thym sont excellentes,
   mais, surprise quand je découvre ... ”
   Lire la suite

   “ Pouvez-vous me préciser si les mono et diglycérides d’acides gras
   présents dans certains de vos prod... ”
   Lire la suite

   “ Quelle est la différence entre votre nouvelle gamme « Tout bon, tout
   veggie* » et les autres produit... ”
   Lire la suite

   “ Avez-vous des conseils pour décongeler rapidement des filets de
   poisson ? Est-il possible de les lai... ”
   Lire la suite

   “ Certains de vos produits contiennent de l'huile de palme. Quelle est
   votre politique en la matière ? ”
   Lire la suite

   “ Je souhaite savoir si vous réalisez toujours des tests ADN sur les
   viandes utilisées dans vos plats ... ”
   Lire la suite

   “ Que signifient les étoiles qui figurent à côté des dénominations de
   certaines viandes ? ”
   Lire la suite

   “ Pourquoi vos crevettes nordiques présentent souvent des œufs, alors
   que ce n'est jamais le cas pour ... ”
   Lire la suite

   “ J'achète régulièrement des biftecks hachés. J'aimerais savoir
   pourquoi il est écrit sur l'emballage ... ”
   Lire la suite

   “ Pour vos filets de poisson présentés avec peau, les valeurs
   nutritionnelles affichées sur l'emballag... ”
   Lire la suite

   “ Picard propose-t-il des produits sans gluten ? ”
   Lire la suite

   “ Je suis déçu par vos pavés de loup de mer, je ne retrouve pas les
   qualités du loup (bar) que j’ai l’... ”
   Lire la suite

   “ A l’heure du développement durable, pourquoi aller chercher des
   produits aux antipodes comme l’agnea... ”
   Lire la suite

   “ Pouvez-vous me préciser ce que signifie le logo «100% muscle» qui se
   trouve sur les emballages des s... ”
   Lire la suite

   “ Pourquoi tous vos poissons ne portent-ils pas l'écolabel MSC ? ”
   Lire la suite

   “ Pourquoi certains de vos ingrédients apparaissent en gras dans les
   listes d'ingrédients sur vos emba... ”
   Lire la suite

   “ J'ai remarqué que l'emballage des filets de colin lieu MSC, propose
   des informations sur l"origine e... ”
   Lire la suite

   “ Pourquoi avez-vous changé la recette de la quiche lorraine, qui est
   d'ailleurs plus chère qu'avant ? ”
   Lire la suite

   “ Comment savoir où sont fabriqués vos produits et d'où viennent les
   ingrédients utilisés dans les pré... ”
   Lire la suite

   “ J'ai remarqué que les sachets de julienne de légumes présentent
   souvent des blocs agglomérés et du g... ”
   Lire la suite

   “ Les légumes surgelés ont-ils des qualités nutritionnelles
   équivalentes aux légumes frais ? ”
   Lire la suite

   “ Vous vendez déjà des brochettes toutes prêtes. Avez-vous une offre si
   on souhaite les faire soi-même... ”
   Lire la suite

   “ Est-ce possible d’utiliser vos poissons pour une consommation crue,
   pour confectionner des sushis pa... ”
   Lire la suite

   “ J’aimerais en savoir plus sur vos engagements et vos actions pour le
   climat ? ”
   Lire la suite

   “ J’ai découvert récemment vos pavés de bonite à ventre rayé : vu l...
   ”
   Lire la suite

   “ J'ai remarqué un nouveau label sur vos produits de la mer, que
   signifie ASC ? ”
   Lire la suite

   “ Pourquoi l’emballage des myrtilles bio préconise-t-il de cuire les
   fruits ? N’est-il pas possible de... ”
   Lire la suite

   “ Quelle est la différence entre un produit congelé et un produit
   surgelé ? ”
   Lire la suite

   “ Où s’inscrire au programme de fidélité ? ”
   Lire la suite

   “ Comment trouver la liste d’ingrédient ou les valeurs nutritionnelles
   d’un produit ? ”
   Lire la suite

   “ Comment contacter le service consommateur ? ”
   Lire la suite

   “ Comment trouver le magasin le plus proche de chez moi ? ”
   Lire la suite

   “ Est-il possible de commander des chèques cadeaux Picard ? ”
   Lire la suite

   “ Puis-je payer en ticket restaurant mes achats ? ”
   Lire la suite

   “ Comment ajouter des produits à ma commande ? ”
   Lire la suite

   “ Mon code promo ne fonctionne pas ”
   Lire la suite

   “ Quelle est la date de validité des promotions ? ”
   Lire la suite

   “ Peut-on retirer sa commande en magasin ? ”
   Lire la suite

   “ J’aimerais des précisions sur la mention qui figure sur tous vos
   emballages «ne jamais recongeler un... ”
   Lire la suite

   “ Je suis bloqué sur ma commande, que faire ? ”
   Lire la suite

   “ Quel est le montant minimum pour se faire livrer ? ”
   Lire la suite

   “ Un décret récent impose l’indication de l’origine des viandes dans
   les produits pr&eac... ”
   Lire la suite

   “ Votre mélange de légumes pour potage est très pratique pour élaborer
   rap... ”
   Lire la suite

   “ Récemment, j’ai lu plusieurs articles concernant la dangerosité de
   l’additif dioxyde de titane : pou... ”
   Lire la suite

   “ Je trouve que certains de vos produits ont des emballages superflus,
   ce qui va à l’encontre des préo... ”
   Lire la suite

   “ J’achète régulièrement des Saint-Jacques qui viennent de pays
   éloignés (Chili, Argentine …), mais je... ”
   Lire la suite
   Clicking moves
   Clicking moves Santé & Nutrition

   “ Qui se cache réellement derrière ce que l’on appelle « légumes » ?
   Entre haricots verts, épinards, p... ”
   Lire la suite

   “ Manger cinq fruits et légumes par jour, c’est facile toute l’année.
   Mais pour profiter de leur saveu... ”
   Lire la suite

   “ Les français consomment en moyenne 10 g / jour de sel alors que les
   besoins sont évalués à 3 à 5 g /... ”
   Lire la suite

   “ Rien de tel qu’un grand bol de potage chaud pour se réchauffer et se
   réconforter. Mais saviez-vous q... ”
   Lire la suite

   “ Calorique, grasse, lourde... La pomme de terre n’a pas la vie facile
   avec toutes ces idées reçues ! ... ”
   Lire la suite

   “ Les sulfites : derrière ce nom bien étrange se cache un ingrédient
   que l’on retrouve tous les jours ... ”
   Lire la suite

   Lire la suite

   “ Depuis 35 ans, Picard engage tout son savoir-faire et son exigence
   pour garantir des produits de qua... ”
   Lire la suite

   “ Des poivrons en janvier, du concombre en novembre, c’est possible !
   Avec une gamme de 87 variétés de... ”
   Lire la suite

   “ Une noisette de beurre, un filet d’huile d’olive... Les matières
   grasses sont recommandées pour fair... ”
   Lire la suite

   “ Aujourd’hui, chaque français consomme, par an, 29 kilos de poissons,
   coquillages et crustacés. Soit ... ”
   Lire la suite

   “ « Faible teneur en sucres », « pauvre en sodium », « riche en
   minéraux », « allégé »... Les allégati... ”
   Lire la suite

   “ « Amines = nécessaires à la vie », les vitamines sont des molécules
   indispensables au bon fonctionne... ”
   Lire la suite

   Lire la suite

   “ Voilà plus de 20 ans déjà que Picard nous propose un pain
   croustillant et moelleux à cœur. Avec les ... ”
   Lire la suite

   “ De l’entrée au dessert, Picard vous propose désormais une gamme de
   marques crées pour les régimes sa... ”
   Lire la suite

   “ Les produits de la mer sont la matière première la plus
   commercialisée au monde. Au cours des 50 der... ”
   Lire la suite

   “ Le petit-déjeuner est le repas le plus important de la journée. Il
   évite le coup de fatigue de 11h e... ”
   Lire la suite

   “ Picard a mis en place des processus permettant d’offrir un poisson
   extra-frais, notamment issu d’une... ”
   Lire la suite

   “ La notion d'agriculture biologique n'est pas récente : ses principes
   ont été introduits en France ap... ”
   Lire la suite

   “ Partout en Asie, les légumes ont la part belle. On en profite pour
   découvrir le beau mélange de légu... ”
   Lire la suite

   “ Si le calcium est associé aux produits laitiers, saviez-vous que
   d'autres aliments comme le chou ou ... ”
   Lire la suite

   “ L’Auvergne est une région d’élevage de bovins qui produit une viande
   reconnue pour ses saveurs excep... ”
   Lire la suite

   “ Hautes qualités gustatives et nutritionnelles, grande fraîcheur,
   facilité d’utilisation… les produit... ”
   Lire la suite

   “ La fréquence des allergies alimentaires a doublé en 5 ans. Entre 4 et
   8,5% des enfants de moins de 3... ”
   Lire la suite

   Lire la suite

   “ L’Alaska est une terre du bout du monde. Dans ses eaux pures, on ne
   trouve que du poisson sauvage pê... ”
   Lire la suite

   Lire la suite

   Lire la suite

   “ Les amateurs de poissons crus sont de plus en plus nombreux en
   France. Rien de tel en effet pour ret... ”
   Lire la suite

   “ Comme le petit-déjeuner, le goûter est un repas indispensable à la
   bonne forme et au bien-être des e... ”
   Lire la suite

   “ Un peu de thym, une pincée d’aneth... les herbes aromatiques sont
   aujourd’hui presque automatiques. ... ”
   Lire la suite

   “ Chez Picard, la majorité des ventes de produits de la mer sauvages
   porte le label "Pêche durable MSC... ”
   Lire la suite

   Lire la suite

   Lire la suite

   Lire la suite

   “ Découvrez les engagements Picard en matière de produits labellisés,
   de produits élaborés en France e... ”
   Lire la suite

   “ Chaque année, l’agriculture biologique gagne du terrain avec un
   nombre croissant d’exploitants agric... ”
   Lire la suite

   Lire la suite

   “ Plus de 100 références de produits de la mer chez Picard pour se
   faire plaisir, cultiver chaque jour... ”
   Lire la suite

   “ Sources de nombreux nutriments, les produits de la mer sont
   excellents pour la santé. Tour d’horizon... ”
   Lire la suite

   “ Les falafels sont de délicieuses boulettes libanaises cuisinées à
   base de pois chiches, d’aromates, ... ”
   Lire la suite

   “ Cette petite prune ronde à la robe jaune intense arrive à maturité à
   la fin de l’été. Aussi délicieu... ”
   Lire la suite

   “ Avec la gamme + d’équilibre, Picard propose des plats équilibrés qui
   ne transigent pas avec le plais... ”
   Lire la suite

   “ Quel est le secret de la fraîcheur et de la finesse des Saint-Jacques
   françaises de Picard ? Sélecti... ”
   Lire la suite

   “ Avocat, edamame, myrtilles, lentilles, brocolis... Découvrez tous les
   bienfaits de ces savoureux pro... ”
   Lire la suite

   “ Margot est une jeune femme pétillante qui prend la vie côté healthy*
   et la partage généreusement via... ”
   Lire la suite

   “ Picard a mis le cap sur le régime végétarien depuis plusieurs années
   afin d’accompagner les choix al... ”
   Lire la suite

   Lire la suite
   Clicking moves
     * Produits
     * C'est nouveau
     * Prix réduits
     * En cuisine
     * Les légumes
     * Les fruits
     * Les viandes & volailles
     * Les poissons & crustacés
     * Les indispensables du cuisinier
     * À table !
     * Les apéritifs
     * Les entrées, tartes et salades
     * Les plats cuisinés
     * Cuisine évasion
     * Les pains & viennoiseries
     * Les pâtisseries
     * Les glaces & sorbets
     * L'épicerie
     * Des assiettes à part
     * Les jours trop bons
     * Soupes et potages
     * Tout à moins de 3 €
     * Le bio & produits labellisés
     * Les régimes alimentaires

     * Idées à cuisiner
     * Les apéritifs
     * Les entrées
     * Les plats
     * Les desserts
     * La recette du mois
     * L'inspiration Minute
     * Qualité & Savoir-faire
     * Les actualités
     * Tendance et Innovation
     * Santé et Nutrition
     * Conservation et Cuisson
     * Nos Partenaires
     * Picard vous répond
     * Les webdocs

   Magasins
   Retrouvez-nous sur
     * Facebook
     * Twitter
     * Youtube
     * Pinterest
     * Instagram

   Contactez-nous au 0 820 16 00 39 Du lundi au samedi de 8h à 19h.
     * Picard Entreprise
     * Qui sommes nous
     * Les valeurs Picard
     * Picard à votre service
     * Picard en chiffres
     * Travailler chez Picard
     * Recrutement
     * Informations financières / Financial Information
     * Espace Presse

   Rejoignez-nous !
     * Travailler chez Picard
     * Consulter les offres
     * Devenir franchisé Picard

     * Livraison à domicile
       Du lundi au samedi,
       de 7h à  21h selon localités.
     * Recettes & astuces
       Plus de 1500 fiches
       pratiques.
     * Le plus grand choix
       Tous les produits Picard :
       grands classiques et dernières nouveautés.

     * carte bleue
     * Visa
     * Master Card
     * American Express

     * FAQ
     * Guide de navigation
     * Plan du site
     * Contact
     * CGV et CGU du site
     * Conditions du programme picard et moi
     * Données personnelles et cookies

   tarif TTC valable du 16/09/2019 au 20/10/2019 dans nos magasins et en
   livraison à domicile (pour Paris, région parisienne et la plupart des
   grandes villes)
   RichNav Démarer la vidéo Creneaux
   IFRAME: //www.googletagmanager.com/ns.html?id=GTM-WLRN96

   Livraison de surgelés à domicile Picard

Posez votre question*Champs obligatoires

   Vous souhaitez obtenir un renseignement, un complément d'information
   Écrivez-nous tout de suite et nous vous répondons dans les meilleurs
   délais.

   Objet :*
     * Choisir
     * Programme Picard et Moi
     * Demande de catalogue
     * Gestion de compte société
     * Livrez-vous ma localité ?
     * Question sur l'application mobile
     * Question sur le site WEB
     * Réclamation produit
          + - Livraison à domicile
          + - Magasin
     * Réclamation commerciale
          + - Livraison à domicile
          + - Magasin
     * Renseignement magasin
     * Renseignement produit
     * Suivi de commande et livraison
     * Divers
          + - Livraison à domicile
          + - Magasin

   Veuillez sélectionner l'objet de votre demande dans la liste déroulante

   Civilité :* [Monsieur]

   Nom :* ____________________
   Prénom :* ____________________

   E-mail :* ____________________

   Adresse :* ____________________

   Ville :* ____________________

   Code postal :* ____________________

   Magasin :* ____________________

   Code article :* ____________________

   Libellé article :* ____________________

   Société :* ____________________

   Contact :* ____________________

   Numéro de commande :* ____________________

   Numéro de lot :* ____________________

   Question :*
   ____________________________________________________________
   ____________________________________________________________
   ____________________________________________________________
   ____________________________________________________________

   Champ libre :*
   ____________________________________________________________
   ____________________________________________________________
   ____________________________________________________________
   ____________________________________________________________

   (send) Envoyer
   Votre demande a bien été envoyée

   Vos données à caractère personnel font l’objet d’un traitement mis en
   œuvre par la société PICARD SURGELES selon les modalités définies dans
   notre politique de données personnelles. Elles sont traitées sur la
   base de votre consentement afin de répondre à vos questions.

   Seuls ont accès aux données, dans la limite de leurs attributions
   respectives, (i) les services de la société PICARD SURGELES et (ii) les
   prestataires habilités à traiter vos données uniquement pour le compte
   de la société PICARD SURGELES.

   Les données à fournir de manière obligatoire sont indiquées comme
   telles sur le formulaire. Sans ces données, notre société ne sera pas
   en mesure de satisfaire votre demande.

   Conformément à la loi Informatique et libertés du 6 janvier 1978
   modifiée et au règlement européen général sur la protection des données
   à caractère personnel (UE) 2016/679 du 27 avril 2016, vous disposez
   d’un droit d’accès et d’un droit de rectification des données vous
   concernant et, s’ils sont applicables, d’un droit de suppression, d’un
   droit d’opposition au traitement de vos données, d’un droit à
   l’effacement et à la limitation du traitement ainsi que d’un droit à la
   portabilité de vos données. Vous disposez également du droit de définir
   des directives relatives au sort de vos données après votre décès. Vous
   pouvez exercer vos droits, à tout moment, en effectuant une demande
   écrite accompagnée d’un justificatif d’identité par voie électronique à
   l’adresse cnil@picard.fr ou par courrier postal adressé au Service
   Information Consommateur CS 30038 77797 Nemours. A tout moment vous
   pouvez gérer vos abonnements aux services proposés dans la rubrique
   « Mon Compte » sur picard.fr et dans l’application mobile. Vous
   disposez enfin du droit d’introduire une réclamation auprès de la
   Commission nationale de l’informatique et des libertés (Cnil).
   Vos données sont conservées pendant une durée de trois ans à compter de
   leur collecte ou du dernier contact. Les données permettant d'établir
   la preuve d'un droit ou d'un contrat, ou conservées au titre du respect
   d'une obligation légale sont archivées conformément aux dispositions en
   vigueur.




   Lorsque vous naviguez sur notre site internet, des informations sont
   susceptibles d'être enregistrées, ou lues, dans votre terminal, sous
   réserve de vos choix.

   Acceptez-vous le dépôt et la lecture de cookies afin que nous et nos
   partenaires puissions analyser vos centres d'intérêts pour vous
   proposer des publicités personnalisées ?* ( ) Oui ( ) Non

   Acceptez-vous le dépôt et la lecture de cookies afin que nous et nos
   partenaires puissions analyser vos centres d'intérêts pour vous
   proposer des publicités personnalisées ?* ( ) Oui ( ) Non

   Acceptez-vous le dépôt et/ou la lecture de cookies pour vous permettre
   de partager des contenus de notre site avec d'autres personnes ou de
   faire connaître à ces autres personnes votre consultation ou votre
   opinion  (boutons "J'aime" de Facebook par exemple) :* (*) Oui ( ) Non


   Livraison de surgelés à domicile Picard

   Livraison à domicile du Lundi au Samedi de 7h à 21h selon localités.
     * Contactez-nous
     * Appli iPhone et Android

   Vos courses et des idées gourmandes en quelques clics

   Picard&Moi Votre programme de fidélité
   Mon compte
   Rechercher un produi Submit

     *
     * Produits
     * Idées à cuisiner
     * Qualité & savoir-faire
     * Magasins
     * Mon compte
     *
     *
     *

   Vous n'avez pas sélectionné de produit Besoin d'aide ?
   Vous n'avez pas sélectionné de produit Besoin d'aide ?
     *
     *

     * Les rayons
     * Tout afficher

     * En cuisine
     *   Les légumes
     *   Les fruits
     *   Les viandes & volailles
     *   Les poissons & crustacés
     *   Les indispensables du cuisinier

     * À table !
     *   Les apéritifs
     *   Les entrées, tartes et salades
     *   Les plats cuisinés
     *   Cuisine évasion
     *   Les pains & viennoiseries
     *   Les pâtisseries
     *   Les glaces & sorbets
     *   L'épicerie

     * Des assiettes à part
     *   Les jours trop bons
     *   C'est nouveau
     *   Prix réduits
     *   Soupes et potages
     *   Tout à moins de 3 €
     *   Le bio & produits labellisés
     *   Les régimes alimentaires

   Nouveau Tout afficher

   Pizza à la tomate et au basilic la boîte de 565 g 8.76 €/kg
   Pizza à la tomate et au basilic
   3.71 €
   Ajouter à ma liste
   [Choisir une liste]
   Fermer
   ____________________ [BUTTON Input] (not implemented)__
   Fermer
   (Ajouter au panier) Ajouter au panier
   Qté ____________________ Plus Moins
   Prix réduits Tout afficher

   4 escalopes de veau haché la boîte de 400 g 14.87 €/kg
   4 escalopes de veau haché
   5.95 € 6.95 €
   Ajouter à ma liste
   [Choisir une liste]
   Fermer
   ____________________ [BUTTON Input] (not implemented)__
   Fermer
   (Ajouter au panier) Ajouter au panier
   Qté ____________________ Plus Moins
   Fermer
   Découvrez les recettes, les suggestions et les menus pour trouver des
   idées pour chaque plat.
   Idées à cuisiner Tout afficher
     * Les recettes
     * Toutes les recettes

   Les apéritifs Les apéritifs
   Les entrées Les entrées
   Les plats Les plats
   Les desserts Les desserts
     * Les suggestions

   La recette du mois
   La recette du mois

   Velouté de fèves à la menthe
   Découvrir
   L’inspiration Minute
   Fermer
   Les actualités Tout afficher

   La mirabelle de Lorraine : Cette petite prune ronde à la robe jaune
   intense arrive à maturité à la fin de l’été. Aussi délicieuse cuite
   q...
   Lire la suite
   La mirabelle de Lorraine

   La RSE chez Picard : bilan de notre engagement : Picard, un acteur
   engagé en matière de Responsabilité sociale et environnementale....
   Lire la suite
   La RSE chez Picard : bilan de notre engagement
   Picard vous répond
   Qualité et savoir-faire

   Qualité & Savoir-Faire

   Découvrez tous les sujets qui
   nourrissent l'alimentation,
   et nos réponses : petits secrets et grandes vérités au menu.
   Parcourir
     * Tendance et Innovation
       Tendance et Innovation
     * Santé et Nutrition
       Santé et Nutrition
     * Conservation et Cuisson
       Conservation et Cuisson
     * Nos Partenaires
       Nos Partenaires
     * Les webdocs Les webdocs

   Fermer
     * Mon compte
     * Fermer

     * accéder à mon compte
     * Mes paramètres
          + Mes informations personnelles
          + Mes abonnements
          + Mes adresses
          + Mes magasins Picard
          + Mes préférences
     * Mes commandes
          + Consulter mes commandes
     * Mes Favoris
          + Mes recettes
          + Mes listes de courses
          + Mes critères de recherche

   Se déconnecter
   Accueil    /
   Tous les rayons    /
   Tout à moins de 3 €
   Tout à moins de 3 € surgelé
     * Tout à moins de 3 €
     * Changer de rayon
          +  C'est nouveau
          +  Prix réduits
          +  Les légumes
          +  Les fruits
          +  Les viandes & volailles
          +  Les poissons & crustacés
          +  Les indispensables du cuisinier
          +  Les apéritifs
          +  Les entrées, tartes et salades
          +  Les plats cuisinés
          +  Cuisine évasion
          +  Les pains & viennoiseries
          +  Les pâtisseries
          +  Les glaces & sorbets
          +  L'épicerie
          +  Les jours trop bons
          +  Soupes et potages
          +  Tout à moins de 3 €
          +  Le bio & produits labellisés
          +  Les régimes alimentaires

Tout à moins de 3 €

   Découvrez plus de 400 produits à moins de 3 €, pour que chaque repas
   pris en famille, en solo, au saut du lit ou encore entre amis, soit un
   moment savoureux et équilibré. Fidèle à ses engagements, Picard vous
   propose un vaste choix de goûts et de saveurs pour varier les plaisirs
   tout au long de l'année.
   Trouver un produit Tomate, carpaccio, v Submit
   Recherche affinée Utilisez les critères pour trouver le produit de vos
   envies.
   [Mes critèress]
     * Afficher tous les produits
     * Afficher les suggestions du mois

   En cuisine
     * Les légumes
     * Les viandes et volailles
     * Les poissons
     * Les fruits
     * Les indispensables du cuisinier

   A table !
     * Les apéritifs
     * Les entrées et tartes
     * Les plats cuisinés
     * La cuisine évasion
     * Les pains et viennoiseries
     * Les pâtisseries
     * Les glaces et sorbets
     * L'épicerie

     *   Les poissons

   Enregistrer ces critères

   [Nouveau]

   (BUTTON) OK Fermer
   Votre Critère a bien été créé
   Critère mis à jour
   Ce nom de critère existe déjà
   ____________________ (save_criteria) OK Fermer
   3 produits
     *
     *

   Trier par [Pertinence_________]

   15 bâtonnets de colin d'Alaska MSC,... la boîte de 450 g 6.44 €/kg
   15 bâtonnets de colin d'Alaska MSC, pré-frits
   Ajouter à ma liste
   [Choisir une liste]
   Fermer
   ____________________ [BUTTON Input] (not implemented)__
   Fermer
   (Ajouter au panier) Ajouter au panier
   Qté ____________________ Plus Moins
   ª  2.90 €
   Colin d'Alaska MSC à la Bordelaise la boîte de 400 g 7.37 €/kg
   Colin d'Alaska MSC à la Bordelaise
   Ajouter à ma liste
   [Choisir une liste]
   Fermer
   ____________________ [BUTTON Input] (not implemented)__
   Fermer
   (Ajouter au panier) Ajouter au panier
   Qté ____________________ Plus Moins
   ª  2.95 €
   Colin d'Alaska MSC sauce beurre citron la boîte de 400 g 7.12 €/kg
   Colin d'Alaska MSC sauce beurre citron
   Ajouter à ma liste
   [Choisir une liste]
   Fermer
   ____________________ [BUTTON Input] (not implemented)__
   Fermer
   (Ajouter au panier) Ajouter au panier
   Qté ____________________ Plus Moins
   ª  2.85 €
   Haut de page
     *
     *

   Trier par [Pertinence_________]

   Clicking moves Picard vous répond

   “ Je viens de regarder un reportage TV qui concernait les "acides gras
   trans", c'est-à-dire hydrogénés... ”
   Lire la suite

   “ Pourriez-vous me confirmer que les informations nutritionnelles
   mentionnées sur vos emballages s’ent... ”
   Lire la suite

   “ Colin d’Alaska, colin lieu, quelles sont les différences ? ”
   Lire la suite

   “ A quoi correspondent exactement les pourcentages des « AJR » qui sont
   indiqués dans certains tableau... ”
   Lire la suite

   “ Picard propose de nombreux plats exotiques. Leur fabrication est-elle
   effectuée en France ? Certains... ”
   Lire la suite

   “ Quelle est la différence entre les mentions "production française" et
   "produit élaboré en France" ”
   Lire la suite

   “ L’emballage des produits BIO comporte 2 types d'informations sur
   l'origine avec une mention « Agric... ”
   Lire la suite

   “ Trouve-t-on des ajouts de conservateurs tels que les sulfites dans
   vos produits ? ”
   Lire la suite

   “ Je trouve le prix de vos filets de sole mer du Nord très élevé en
   comparaison avec les soles fraîche... ”
   Lire la suite

   “ Après cuisson des lobes de foie gras, je constate quelquefois une
   proportion de graisse importante. ... ”
   Lire la suite

   “ Pourquoi y a-t-il de la gélatine de porc dans certains de vos
   desserts glacés ? Est-ce vraiment néce... ”
   Lire la suite

   “ J’aimerais avoir la liste des herbes et aromates qui sont irradiés,
   car sur aucun de vos emballages ... ”
   Lire la suite

   “ Comment puis-je distinguer les poissons d'élevage des poissons
   sauvages parmi les espèces disponible... ”
   Lire la suite

   “ J'ai découvert récemment un nouveau logo pour la viande bovine
   Française. A quoi correspond ce logo ... ”
   Lire la suite

   “ Pourquoi certaines langoustines ont-elles des têtes vertes ? ”
   Lire la suite

   “ Pourquoi vos noix de Saint-Jacques ont-elles quelquefois très peu de
   corail ? Cela nuit à la présent... ”
   Lire la suite

   “ Comment puis-je m’assurer que le thon de couleur rouge que vous
   commercialisez en découpes ou dans l... ”
   Lire la suite

   “ Pourquoi ne trouve-t-on pas de « gambas » dans votre gamme ? Quelle
   est la différence avec des creve... ”
   Lire la suite

   “ Pourquoi ajoutez-vous du sucre dans certains de vos plats cuisinés ?
   Lorsque l'on souhaite réduire s... ”
   Lire la suite

   “ Je consomme beaucoup de légumes surgelés et j’aimerais m’assurer que
   les emballages ne renferment pa... ”
   Lire la suite

   “ Importez-vous des produits du Japon et quelles sont les conséquences
   sanitaires suite à l’incident d... ”
   Lire la suite

   “ J’ai entendu dire que Picard éditait un catalogue en braille pour les
   non-voyants. Qu’en est-il et o... ”
   Lire la suite

   “ Depuis quelques mois vous me livrez à domicile et j’aimerais savoir
   quelle est la quantité maximale ... ”
   Lire la suite

   “ Est-il possible de laver la glacière en coton équitable en machine à
   laver ? ”
   Lire la suite

   “ Je souhaiterais savoir si la teneur en pesticides des fruits et
   légumes que vous vendez est systémat... ”
   Lire la suite

   “ Pouvez-vous me confirmer que des poissons conservés plusieurs mois à
   l’état surgelé ne perdent pas l... ”
   Lire la suite

   “ Pouvez-vous me préciser ce que garantit le « LABEL ROUGE » sur vos
   brochettes de crevettes ? ”
   Lire la suite

   “ Plusieurs distributeurs ont pris la décision de ne plus
   commercialiser certaines espèces de poissons... ”
   Lire la suite

   “ Les mini-brochettes de poulet au miel et au thym sont excellentes,
   mais, surprise quand je découvre ... ”
   Lire la suite

   “ Pouvez-vous me préciser si les mono et diglycérides d’acides gras
   présents dans certains de vos prod... ”
   Lire la suite

   “ Quelle est la différence entre votre nouvelle gamme « Tout bon, tout
   veggie* » et les autres produit... ”
   Lire la suite

   “ Avez-vous des conseils pour décongeler rapidement des filets de
   poisson ? Est-il possible de les lai... ”
   Lire la suite

   “ Certains de vos produits contiennent de l'huile de palme. Quelle est
   votre politique en la matière ? ”
   Lire la suite

   “ Je souhaite savoir si vous réalisez toujours des tests ADN sur les
   viandes utilisées dans vos plats ... ”
   Lire la suite

   “ Que signifient les étoiles qui figurent à côté des dénominations de
   certaines viandes ? ”
   Lire la suite

   “ Pourquoi vos crevettes nordiques présentent souvent des œufs, alors
   que ce n'est jamais le cas pour ... ”
   Lire la suite

   “ J'achète régulièrement des biftecks hachés. J'aimerais savoir
   pourquoi il est écrit sur l'emballage ... ”
   Lire la suite

   “ Pour vos filets de poisson présentés avec peau, les valeurs
   nutritionnelles affichées sur l'emballag... ”
   Lire la suite

   “ Picard propose-t-il des produits sans gluten ? ”
   Lire la suite

   “ Je suis déçu par vos pavés de loup de mer, je ne retrouve pas les
   qualités du loup (bar) que j’ai l’... ”
   Lire la suite

   “ A l’heure du développement durable, pourquoi aller chercher des
   produits aux antipodes comme l’agnea... ”
   Lire la suite

   “ Pouvez-vous me préciser ce que signifie le logo «100% muscle» qui se
   trouve sur les emballages des s... ”
   Lire la suite

   “ Pourquoi tous vos poissons ne portent-ils pas l'écolabel MSC ? ”
   Lire la suite

   “ Pourquoi certains de vos ingrédients apparaissent en gras dans les
   listes d'ingrédients sur vos emba... ”
   Lire la suite

   “ J'ai remarqué que l'emballage des filets de colin lieu MSC, propose
   des informations sur l"origine e... ”
   Lire la suite

   “ Pourquoi avez-vous changé la recette de la quiche lorraine, qui est
   d'ailleurs plus chère qu'avant ? ”
   Lire la suite

   “ Comment savoir où sont fabriqués vos produits et d'où viennent les
   ingrédients utilisés dans les pré... ”
   Lire la suite

   “ J'ai remarqué que les sachets de julienne de légumes présentent
   souvent des blocs agglomérés et du g... ”
   Lire la suite

   “ Les légumes surgelés ont-ils des qualités nutritionnelles
   équivalentes aux légumes frais ? ”
   Lire la suite

   “ Vous vendez déjà des brochettes toutes prêtes. Avez-vous une offre si
   on souhaite les faire soi-même... ”
   Lire la suite

   “ Est-ce possible d’utiliser vos poissons pour une consommation crue,
   pour confectionner des sushis pa... ”
   Lire la suite

   “ J’aimerais en savoir plus sur vos engagements et vos actions pour le
   climat ? ”
   Lire la suite

   “ J’ai découvert récemment vos pavés de bonite à ventre rayé : vu l...
   ”
   Lire la suite

   “ J'ai remarqué un nouveau label sur vos produits de la mer, que
   signifie ASC ? ”
   Lire la suite

   “ Pourquoi l’emballage des myrtilles bio préconise-t-il de cuire les
   fruits ? N’est-il pas possible de... ”
   Lire la suite

   “ Quelle est la différence entre un produit congelé et un produit
   surgelé ? ”
   Lire la suite

   “ Où s’inscrire au programme de fidélité ? ”
   Lire la suite

   “ Comment trouver la liste d’ingrédient ou les valeurs nutritionnelles
   d’un produit ? ”
   Lire la suite

   “ Comment contacter le service consommateur ? ”
   Lire la suite

   “ Comment trouver le magasin le plus proche de chez moi ? ”
   Lire la suite

   “ Est-il possible de commander des chèques cadeaux Picard ? ”
   Lire la suite

   “ Puis-je payer en ticket restaurant mes achats ? ”
   Lire la suite

   “ Comment ajouter des produits à ma commande ? ”
   Lire la suite

   “ Mon code promo ne fonctionne pas ”
   Lire la suite

   “ Quelle est la date de validité des promotions ? ”
   Lire la suite

   “ Peut-on retirer sa commande en magasin ? ”
   Lire la suite

   “ J’aimerais des précisions sur la mention qui figure sur tous vos
   emballages «ne jamais recongeler un... ”
   Lire la suite

   “ Je suis bloqué sur ma commande, que faire ? ”
   Lire la suite

   “ Quel est le montant minimum pour se faire livrer ? ”
   Lire la suite

   “ Un décret récent impose l’indication de l’origine des viandes dans
   les produits pr&eac... ”
   Lire la suite

   “ Votre mélange de légumes pour potage est très pratique pour élaborer
   rap... ”
   Lire la suite

   “ Récemment, j’ai lu plusieurs articles concernant la dangerosité de
   l’additif dioxyde de titane : pou... ”
   Lire la suite

   “ Je trouve que certains de vos produits ont des emballages superflus,
   ce qui va à l’encontre des préo... ”
   Lire la suite

   “ J’achète régulièrement des Saint-Jacques qui viennent de pays
   éloignés (Chili, Argentine …), mais je... ”
   Lire la suite
   Clicking moves
   Clicking moves Santé & Nutrition

   “ Qui se cache réellement derrière ce que l’on appelle « légumes » ?
   Entre haricots verts, épinards, p... ”
   Lire la suite

   “ Manger cinq fruits et légumes par jour, c’est facile toute l’année.
   Mais pour profiter de leur saveu... ”
   Lire la suite

   “ Les français consomment en moyenne 10 g / jour de sel alors que les
   besoins sont évalués à 3 à 5 g /... ”
   Lire la suite

   “ Rien de tel qu’un grand bol de potage chaud pour se réchauffer et se
   réconforter. Mais saviez-vous q... ”
   Lire la suite

   “ Calorique, grasse, lourde... La pomme de terre n’a pas la vie facile
   avec toutes ces idées reçues ! ... ”
   Lire la suite

   “ Les sulfites : derrière ce nom bien étrange se cache un ingrédient
   que l’on retrouve tous les jours ... ”
   Lire la suite

   Lire la suite

   “ Depuis 35 ans, Picard engage tout son savoir-faire et son exigence
   pour garantir des produits de qua... ”
   Lire la suite

   “ Des poivrons en janvier, du concombre en novembre, c’est possible !
   Avec une gamme de 87 variétés de... ”
   Lire la suite

   “ Une noisette de beurre, un filet d’huile d’olive... Les matières
   grasses sont recommandées pour fair... ”
   Lire la suite

   “ Aujourd’hui, chaque français consomme, par an, 29 kilos de poissons,
   coquillages et crustacés. Soit ... ”
   Lire la suite

   “ « Faible teneur en sucres », « pauvre en sodium », « riche en
   minéraux », « allégé »... Les allégati... ”
   Lire la suite

   “ « Amines = nécessaires à la vie », les vitamines sont des molécules
   indispensables au bon fonctionne... ”
   Lire la suite

   Lire la suite

   “ Voilà plus de 20 ans déjà que Picard nous propose un pain
   croustillant et moelleux à cœur. Avec les ... ”
   Lire la suite

   “ De l’entrée au dessert, Picard vous propose désormais une gamme de
   marques crées pour les régimes sa... ”
   Lire la suite

   “ Les produits de la mer sont la matière première la plus
   commercialisée au monde. Au cours des 50 der... ”
   Lire la suite

   “ Le petit-déjeuner est le repas le plus important de la journée. Il
   évite le coup de fatigue de 11h e... ”
   Lire la suite

   “ Picard a mis en place des processus permettant d’offrir un poisson
   extra-frais, notamment issu d’une... ”
   Lire la suite

   “ La notion d'agriculture biologique n'est pas récente : ses principes
   ont été introduits en France ap... ”
   Lire la suite

   “ Partout en Asie, les légumes ont la part belle. On en profite pour
   découvrir le beau mélange de légu... ”
   Lire la suite

   “ Si le calcium est associé aux produits laitiers, saviez-vous que
   d'autres aliments comme le chou ou ... ”
   Lire la suite

   “ L’Auvergne est une région d’élevage de bovins qui produit une viande
   reconnue pour ses saveurs excep... ”
   Lire la suite

   “ Hautes qualités gustatives et nutritionnelles, grande fraîcheur,
   facilité d’utilisation… les produit... ”
   Lire la suite

   “ La fréquence des allergies alimentaires a doublé en 5 ans. Entre 4 et
   8,5% des enfants de moins de 3... ”
   Lire la suite

   Lire la suite

   “ L’Alaska est une terre du bout du monde. Dans ses eaux pures, on ne
   trouve que du poisson sauvage pê... ”
   Lire la suite

   Lire la suite

   Lire la suite

   “ Les amateurs de poissons crus sont de plus en plus nombreux en
   France. Rien de tel en effet pour ret... ”
   Lire la suite

   “ Comme le petit-déjeuner, le goûter est un repas indispensable à la
   bonne forme et au bien-être des e... ”
   Lire la suite

   “ Un peu de thym, une pincée d’aneth... les herbes aromatiques sont
   aujourd’hui presque automatiques. ... ”
   Lire la suite

   “ Chez Picard, la majorité des ventes de produits de la mer sauvages
   porte le label "Pêche durable MSC... ”
   Lire la suite

   Lire la suite

   Lire la suite

   Lire la suite

   “ Découvrez les engagements Picard en matière de produits labellisés,
   de produits élaborés en France e... ”
   Lire la suite

   “ Chaque année, l’agriculture biologique gagne du terrain avec un
   nombre croissant d’exploitants agric... ”
   Lire la suite

   Lire la suite

   “ Plus de 100 références de produits de la mer chez Picard pour se
   faire plaisir, cultiver chaque jour... ”
   Lire la suite

   “ Sources de nombreux nutriments, les produits de la mer sont
   excellents pour la santé. Tour d’horizon... ”
   Lire la suite

   “ Les falafels sont de délicieuses boulettes libanaises cuisinées à
   base de pois chiches, d’aromates, ... ”
   Lire la suite

   “ Cette petite prune ronde à la robe jaune intense arrive à maturité à
   la fin de l’été. Aussi délicieu... ”
   Lire la suite

   “ Avec la gamme + d’équilibre, Picard propose des plats équilibrés qui
   ne transigent pas avec le plais... ”
   Lire la suite

   “ Quel est le secret de la fraîcheur et de la finesse des Saint-Jacques
   françaises de Picard ? Sélecti... ”
   Lire la suite

   “ Avocat, edamame, myrtilles, lentilles, brocolis... Découvrez tous les
   bienfaits de ces savoureux pro... ”
   Lire la suite

   “ Margot est une jeune femme pétillante qui prend la vie côté healthy*
   et la partage généreusement via... ”
   Lire la suite

   “ Picard a mis le cap sur le régime végétarien depuis plusieurs années
   afin d’accompagner les choix al... ”
   Lire la suite

   Lire la suite
   Clicking moves
     * Produits
     * C'est nouveau
     * Prix réduits
     * En cuisine
     * Les légumes
     * Les fruits
     * Les viandes & volailles
     * Les poissons & crustacés
     * Les indispensables du cuisinier
     * À table !
     * Les apéritifs
     * Les entrées, tartes et salades
     * Les plats cuisinés
     * Cuisine évasion
     * Les pains & viennoiseries
     * Les pâtisseries
     * Les glaces & sorbets
     * L'épicerie
     * Des assiettes à part
     * Les jours trop bons
     * Soupes et potages
     * Tout à moins de 3 €
     * Le bio & produits labellisés
     * Les régimes alimentaires

     * Idées à cuisiner
     * Les apéritifs
     * Les entrées
     * Les plats
     * Les desserts
     * La recette du mois
     * L'inspiration Minute
     * Qualité & Savoir-faire
     * Les actualités
     * Tendance et Innovation
     * Santé et Nutrition
     * Conservation et Cuisson
     * Nos Partenaires
     * Picard vous répond
     * Les webdocs

   Magasins
   Retrouvez-nous sur
     * Facebook
     * Twitter
     * Youtube
     * Pinterest
     * Instagram

   Contactez-nous au 0 820 16 00 39 Du lundi au samedi de 8h à 19h.
     * Picard Entreprise
     * Qui sommes nous
     * Les valeurs Picard
     * Picard à votre service
     * Picard en chiffres
     * Travailler chez Picard
     * Recrutement
     * Informations financières / Financial Information
     * Espace Presse

   Rejoignez-nous !
     * Travailler chez Picard
     * Consulter les offres
     * Devenir franchisé Picard

     * Livraison à domicile
       Du lundi au samedi,
       de 7h à  21h selon localités.
     * Recettes & astuces
       Plus de 1500 fiches
       pratiques.
     * Le plus grand choix
       Tous les produits Picard :
       grands classiques et dernières nouveautés.

     * carte bleue
     * Visa
     * Master Card
     * American Express

     * FAQ
     * Guide de navigation
     * Plan du site
     * Contact
     * CGV et CGU du site
     * Conditions du programme picard et moi
     * Données personnelles et cookies

   tarif TTC valable du 16/09/2019 au 20/10/2019 dans nos magasins et en
   livraison à domicile (pour Paris, région parisienne et la plupart des
   grandes villes)
   RichNav Démarer la vidéo Creneaux
   IFRAME: //www.googletagmanager.com/ns.html?id=GTM-WLRN96

   Livraison de surgelés à domicile Picard

Posez votre question*Champs obligatoires

   Vous souhaitez obtenir un renseignement, un complément d'information
   Écrivez-nous tout de suite et nous vous répondons dans les meilleurs
   délais.

   Objet :*
     * Choisir
     * Programme Picard et Moi
     * Demande de catalogue
     * Gestion de compte société
     * Livrez-vous ma localité ?
     * Question sur l'application mobile
     * Question sur le site WEB
     * Réclamation produit
          + - Livraison à domicile
          + - Magasin
     * Réclamation commerciale
          + - Livraison à domicile
          + - Magasin
     * Renseignement magasin
     * Renseignement produit
     * Suivi de commande et livraison
     * Divers
          + - Livraison à domicile
          + - Magasin

   Veuillez sélectionner l'objet de votre demande dans la liste déroulante

   Civilité :* [Monsieur]

   Nom :* ____________________
   Prénom :* ____________________

   E-mail :* ____________________

   Adresse :* ____________________

   Ville :* ____________________

   Code postal :* ____________________

   Magasin :* ____________________

   Code article :* ____________________

   Libellé article :* ____________________

   Société :* ____________________

   Contact :* ____________________

   Numéro de commande :* ____________________

   Numéro de lot :* ____________________

   Question :*
   ____________________________________________________________
   ____________________________________________________________
   ____________________________________________________________
   ____________________________________________________________

   Champ libre :*
   ____________________________________________________________
   ____________________________________________________________
   ____________________________________________________________
   ____________________________________________________________

   (send) Envoyer
   Votre demande a bien été envoyée

   Vos données à caractère personnel font l’objet d’un traitement mis en
   œuvre par la société PICARD SURGELES selon les modalités définies dans
   notre politique de données personnelles. Elles sont traitées sur la
   base de votre consentement afin de répondre à vos questions.

   Seuls ont accès aux données, dans la limite de leurs attributions
   respectives, (i) les services de la société PICARD SURGELES et (ii) les
   prestataires habilités à traiter vos données uniquement pour le compte
   de la société PICARD SURGELES.

   Les données à fournir de manière obligatoire sont indiquées comme
   telles sur le formulaire. Sans ces données, notre société ne sera pas
   en mesure de satisfaire votre demande.

   Conformément à la loi Informatique et libertés du 6 janvier 1978
   modifiée et au règlement européen général sur la protection des données
   à caractère personnel (UE) 2016/679 du 27 avril 2016, vous disposez
   d’un droit d’accès et d’un droit de rectification des données vous
   concernant et, s’ils sont applicables, d’un droit de suppression, d’un
   droit d’opposition au traitement de vos données, d’un droit à
   l’effacement et à la limitation du traitement ainsi que d’un droit à la
   portabilité de vos données. Vous disposez également du droit de définir
   des directives relatives au sort de vos données après votre décès. Vous
   pouvez exercer vos droits, à tout moment, en effectuant une demande
   écrite accompagnée d’un justificatif d’identité par voie électronique à
   l’adresse cnil@picard.fr ou par courrier postal adressé au Service
   Information Consommateur CS 30038 77797 Nemours. A tout moment vous
   pouvez gérer vos abonnements aux services proposés dans la rubrique
   « Mon Compte » sur picard.fr et dans l’application mobile. Vous
   disposez enfin du droit d’introduire une réclamation auprès de la
   Commission nationale de l’informatique et des libertés (Cnil).
   Vos données sont conservées pendant une durée de trois ans à compter de
   leur collecte ou du dernier contact. Les données permettant d'établir
   la preuve d'un droit ou d'un contrat, ou conservées au titre du respect
   d'une obligation légale sont archivées conformément aux dispositions en
   vigueur.




   Lorsque vous naviguez sur notre site internet, des informations sont
   susceptibles d'être enregistrées, ou lues, dans votre terminal, sous
   réserve de vos choix.

   Acceptez-vous le dépôt et la lecture de cookies afin que nous et nos
   partenaires puissions analyser vos centres d'intérêts pour vous
   proposer des publicités personnalisées ?* ( ) Oui ( ) Non

   Acceptez-vous le dépôt et la lecture de cookies afin que nous et nos
   partenaires puissions analyser vos centres d'intérêts pour vous
   proposer des publicités personnalisées ?* ( ) Oui ( ) Non

   Acceptez-vous le dépôt et/ou la lecture de cookies pour vous permettre
   de partager des contenus de notre site avec d'autres personnes ou de
   faire connaître à ces autres personnes votre consultation ou votre
   opinion  (boutons "J'aime" de Facebook par exemple) :* (*) Oui ( ) Non


   Livraison de surgelés à domicile Picard

   Livraison à domicile du Lundi au Samedi de 7h à 21h selon localités.
     * Contactez-nous
     * Appli iPhone et Android

   Vos courses et des idées gourmandes en quelques clics

   Picard&Moi Votre programme de fidélité
   Mon compte
   Rechercher un produi Submit

     *
     * Produits
     * Idées à cuisiner
     * Qualité & savoir-faire
     * Magasins
     * Mon compte
     *
     *
     *

   Vous n'avez pas sélectionné de produit Besoin d'aide ?
   Vous n'avez pas sélectionné de produit Besoin d'aide ?
     *
     *

     * Les rayons
     * Tout afficher

     * En cuisine
     *   Les légumes
     *   Les fruits
     *   Les viandes & volailles
     *   Les poissons & crustacés
     *   Les indispensables du cuisinier

     * À table !
     *   Les apéritifs
     *   Les entrées, tartes et salades
     *   Les plats cuisinés
     *   Cuisine évasion
     *   Les pains & viennoiseries
     *   Les pâtisseries
     *   Les glaces & sorbets
     *   L'épicerie

     * Des assiettes à part
     *   Les jours trop bons
     *   C'est nouveau
     *   Prix réduits
     *   Soupes et potages
     *   Tout à moins de 3 €
     *   Le bio & produits labellisés
     *   Les régimes alimentaires

   Nouveau Tout afficher

   2 soufflés à l'emmental la boîte de 200 g 14.75 €/kg
   2 soufflés à l'emmental
   2.95 €
   Ajouter à ma liste
   [Choisir une liste]
   Fermer
   ____________________ [BUTTON Input] (not implemented)__
   Fermer
   (Ajouter au panier) Ajouter au panier
   Qté ____________________ Plus Moins
   Prix réduits Tout afficher

   Gratin de pâte, épinard, poireau et... la boîte de 200 g 9.00 €/kg
   Gratin de pâte, épinard, poireau et sauce au comté
   1.80 € 2.00 €
   Ajouter à ma liste
   [Choisir une liste]
   Fermer
   ____________________ [BUTTON Input] (not implemented)__
   Fermer
   (Ajouter au panier) Ajouter au panier
   Qté ____________________ Plus Moins
   Fermer
   Découvrez les recettes, les suggestions et les menus pour trouver des
   idées pour chaque plat.
   Idées à cuisiner Tout afficher
     * Les recettes
     * Toutes les recettes

   Les apéritifs Les apéritifs
   Les entrées Les entrées
   Les plats Les plats
   Les desserts Les desserts
     * Les suggestions

   La recette du mois
   La recette du mois

   Velouté de fèves à la menthe
   Découvrir
   L’inspiration Minute
   Fermer
   Les actualités Tout afficher

   La mirabelle de Lorraine : Cette petite prune ronde à la robe jaune
   intense arrive à maturité à la fin de l’été. Aussi délicieuse cuite
   q...
   Lire la suite
   La mirabelle de Lorraine

   La RSE chez Picard : bilan de notre engagement : Picard, un acteur
   engagé en matière de Responsabilité sociale et environnementale....
   Lire la suite
   La RSE chez Picard : bilan de notre engagement
   Picard vous répond
   Qualité et savoir-faire

   Qualité & Savoir-Faire

   Découvrez tous les sujets qui
   nourrissent l'alimentation,
   et nos réponses : petits secrets et grandes vérités au menu.
   Parcourir
     * Tendance et Innovation
       Tendance et Innovation
     * Santé et Nutrition
       Santé et Nutrition
     * Conservation et Cuisson
       Conservation et Cuisson
     * Nos Partenaires
       Nos Partenaires
     * Les webdocs Les webdocs

   Fermer
     * Mon compte
     * Fermer

     * accéder à mon compte
     * Mes paramètres
          + Mes informations personnelles
          + Mes abonnements
          + Mes adresses
          + Mes magasins Picard
          + Mes préférences
     * Mes commandes
          + Consulter mes commandes
     * Mes Favoris
          + Mes recettes
          + Mes listes de courses
          + Mes critères de recherche

   Se déconnecter
   Accueil    /
   Tous les rayons    /
   Tout à moins de 3 €
   Tout à moins de 3 € surgelé
     * Tout à moins de 3 €
     * Changer de rayon
          +  C'est nouveau
          +  Prix réduits
          +  Les légumes
          +  Les fruits
          +  Les viandes & volailles
          +  Les poissons & crustacés
          +  Les indispensables du cuisinier
          +  Les apéritifs
          +  Les entrées, tartes et salades
          +  Les plats cuisinés
          +  Cuisine évasion
          +  Les pains & viennoiseries
          +  Les pâtisseries
          +  Les glaces & sorbets
          +  L'épicerie
          +  Les jours trop bons
          +  Soupes et potages
          +  Tout à moins de 3 €
          +  Le bio & produits labellisés
          +  Les régimes alimentaires

Tout à moins de 3 €

   Découvrez plus de 400 produits à moins de 3 €, pour que chaque repas
   pris en famille, en solo, au saut du lit ou encore entre amis, soit un
   moment savoureux et équilibré. Fidèle à ses engagements, Picard vous
   propose un vaste choix de goûts et de saveurs pour varier les plaisirs
   tout au long de l'année.
   Trouver un produit Tomate, carpaccio, v Submit
   Recherche affinée Utilisez les critères pour trouver le produit de vos
   envies.
   [Mes critèress]
     * Afficher tous les produits
     * Afficher les suggestions du mois

   En cuisine
     * Les légumes
     * Les viandes et volailles
     * Les poissons
     * Les fruits
     * Les indispensables du cuisinier

     *   Les fruits

   Enregistrer ces critères

   [Nouveau]

   (BUTTON) OK Fermer
   Votre Critère a bien été créé
   Critère mis à jour
   Ce nom de critère existe déjà
   ____________________ (save_criteria) OK Fermer
   10 produits
     *
     *

   Trier par [Pertinence_________]

   Jus de pamplemousse rose de Floride bouteille de 25 cl 5.80 €/L
   Jus de pamplemousse rose de Floride
   Ajouter à ma liste
   [Choisir une liste]
   Fermer
   ____________________ [BUTTON Input] (not implemented)__
   Fermer
   (Ajouter au panier) Ajouter au panier
   Qté ____________________ Plus Moins
   ª  1.45 €
   Bol de fruits au sirop passion framboise le bol de 150 g 13.00 €/kg
   Bol de fruits au sirop passion framboise
   Ajouter à ma liste
   [Choisir une liste]
   Fermer
   ____________________ [BUTTON Input] (not implemented)__
   Fermer
   (Ajouter au panier) Ajouter au panier
   Qté ____________________ Plus Moins
   ª  1.95 €
   Bol de fruits exotiques le bol de 150 g 13.00 €/kg
   Bol de fruits exotiques
   Ajouter à ma liste
   [Choisir une liste]
   Fermer
   ____________________ [BUTTON Input] (not implemented)__
   Fermer
   (Ajouter au panier) Ajouter au panier
   Qté ____________________ Plus Moins
   ª  1.95 €
   Coulis mangue-passion la boîte de 200 g 13.00 €/kg
   Coulis mangue-passion
   Ajouter à ma liste
   [Choisir une liste]
   Fermer
   ____________________ [BUTTON Input] (not implemented)__
   Fermer
   (Ajouter au panier) Ajouter au panier
   Qté ____________________ Plus Moins
   ª  2.60 €
   Coulis aux 3 fruits rouges la boîte de 200 g 13.00 €/kg
   Coulis aux 3 fruits rouges
   Ajouter à ma liste
   [Choisir une liste]
   Fermer
   ____________________ [BUTTON Input] (not implemented)__
   Fermer
   (Ajouter au panier) Ajouter au panier
   Qté ____________________ Plus Moins
   ª  2.60 €
   Citronnade de Floride bouteille de 25 cl 5.80 €/L
   Citronnade de Floride
   Ajouter à ma liste
   [Choisir une liste]
   Fermer
   ____________________ [BUTTON Input] (not implemented)__
   Fermer
   (Ajouter au panier) Ajouter au panier
   Qté ____________________ Plus Moins
   ª  1.45 €
   Bol de fruits rouges le bol de 150 g 13.00 €/kg
   Bol de fruits rouges
   Ajouter à ma liste
   [Choisir une liste]
   Fermer
   ____________________ [BUTTON Input] (not implemented)__
   Fermer
   (Ajouter au panier) Ajouter au panier
   Qté ____________________ Plus Moins
   ª  1.95 €
   Jus d'orange de Floride bouteille de 25 cl 5.80 €/L
   Jus d'orange de Floride
   Ajouter à ma liste
   [Choisir une liste]
   Fermer
   ____________________ [BUTTON Input] (not implemented)__
   Fermer
   (Ajouter au panier) Ajouter au panier
   Qté ____________________ Plus Moins
   ª  1.45 €
   Coulis de framboise la boîte de 200 g 13.00 €/kg
   Coulis de framboise
   Ajouter à ma liste
   [Choisir une liste]
   Fermer
   ____________________ [BUTTON Input] (not implemented)__
   Fermer
   (Ajouter au panier) Ajouter au panier
   Qté ____________________ Plus Moins
   ª  2.60 €
   Bol de fruits bio, fraise,... le bol de 150 g 16.66 €/kg
   Bol de fruits bio, fraise, ananas,banane,groseille
   Ajouter à ma liste
   [Choisir une liste]
   Fermer
   ____________________ [BUTTON Input] (not implemented)__
   Fermer
   (Ajouter au panier) Ajouter au panier
   Qté ____________________ Plus Moins
   ª  2.50 €
   Haut de page
     *
     *

   Trier par [Pertinence_________]

   Clicking moves Picard vous répond

   “ Je viens de regarder un reportage TV qui concernait les "acides gras
   trans", c'est-à-dire hydrogénés... ”
   Lire la suite

   “ Pourriez-vous me confirmer que les informations nutritionnelles
   mentionnées sur vos emballages s’ent... ”
   Lire la suite

   “ Colin d’Alaska, colin lieu, quelles sont les différences ? ”
   Lire la suite

   “ A quoi correspondent exactement les pourcentages des « AJR » qui sont
   indiqués dans certains tableau... ”
   Lire la suite

   “ Picard propose de nombreux plats exotiques. Leur fabrication est-elle
   effectuée en France ? Certains... ”
   Lire la suite

   “ Quelle est la différence entre les mentions "production française" et
   "produit élaboré en France" ”
   Lire la suite

   “ L’emballage des produits BIO comporte 2 types d'informations sur
   l'origine avec une mention « Agric... ”
   Lire la suite

   “ Trouve-t-on des ajouts de conservateurs tels que les sulfites dans
   vos produits ? ”
   Lire la suite

   “ Je trouve le prix de vos filets de sole mer du Nord très élevé en
   comparaison avec les soles fraîche... ”
   Lire la suite

   “ Après cuisson des lobes de foie gras, je constate quelquefois une
   proportion de graisse importante. ... ”
   Lire la suite

   “ Pourquoi y a-t-il de la gélatine de porc dans certains de vos
   desserts glacés ? Est-ce vraiment néce... ”
   Lire la suite

   “ J’aimerais avoir la liste des herbes et aromates qui sont irradiés,
   car sur aucun de vos emballages ... ”
   Lire la suite

   “ Comment puis-je distinguer les poissons d'élevage des poissons
   sauvages parmi les espèces disponible... ”
   Lire la suite

   “ J'ai découvert récemment un nouveau logo pour la viande bovine
   Française. A quoi correspond ce logo ... ”
   Lire la suite

   “ Pourquoi certaines langoustines ont-elles des têtes vertes ? ”
   Lire la suite

   “ Pourquoi vos noix de Saint-Jacques ont-elles quelquefois très peu de
   corail ? Cela nuit à la présent... ”
   Lire la suite

   “ Comment puis-je m’assurer que le thon de couleur rouge que vous
   commercialisez en découpes ou dans l... ”
   Lire la suite

   “ Pourquoi ne trouve-t-on pas de « gambas » dans votre gamme ? Quelle
   est la différence avec des creve... ”
   Lire la suite

   “ Pourquoi ajoutez-vous du sucre dans certains de vos plats cuisinés ?
   Lorsque l'on souhaite réduire s... ”
   Lire la suite

   “ Je consomme beaucoup de légumes surgelés et j’aimerais m’assurer que
   les emballages ne renferment pa... ”
   Lire la suite

   “ Importez-vous des produits du Japon et quelles sont les conséquences
   sanitaires suite à l’incident d... ”
   Lire la suite

   “ J’ai entendu dire que Picard éditait un catalogue en braille pour les
   non-voyants. Qu’en est-il et o... ”
   Lire la suite

   “ Depuis quelques mois vous me livrez à domicile et j’aimerais savoir
   quelle est la quantité maximale ... ”
   Lire la suite

   “ Est-il possible de laver la glacière en coton équitable en machine à
   laver ? ”
   Lire la suite

   “ Je souhaiterais savoir si la teneur en pesticides des fruits et
   légumes que vous vendez est systémat... ”
   Lire la suite

   “ Pouvez-vous me confirmer que des poissons conservés plusieurs mois à
   l’état surgelé ne perdent pas l... ”
   Lire la suite

   “ Pouvez-vous me préciser ce que garantit le « LABEL ROUGE » sur vos
   brochettes de crevettes ? ”
   Lire la suite

   “ Plusieurs distributeurs ont pris la décision de ne plus
   commercialiser certaines espèces de poissons... ”
   Lire la suite

   “ Les mini-brochettes de poulet au miel et au thym sont excellentes,
   mais, surprise quand je découvre ... ”
   Lire la suite

   “ Pouvez-vous me préciser si les mono et diglycérides d’acides gras
   présents dans certains de vos prod... ”
   Lire la suite

   “ Quelle est la différence entre votre nouvelle gamme « Tout bon, tout
   veggie* » et les autres produit... ”
   Lire la suite

   “ Avez-vous des conseils pour décongeler rapidement des filets de
   poisson ? Est-il possible de les lai... ”
   Lire la suite

   “ Certains de vos produits contiennent de l'huile de palme. Quelle est
   votre politique en la matière ? ”
   Lire la suite

   “ Je souhaite savoir si vous réalisez toujours des tests ADN sur les
   viandes utilisées dans vos plats ... ”
   Lire la suite

   “ Que signifient les étoiles qui figurent à côté des dénominations de
   certaines viandes ? ”
   Lire la suite

   “ Pourquoi vos crevettes nordiques présentent souvent des œufs, alors
   que ce n'est jamais le cas pour ... ”
   Lire la suite

   “ J'achète régulièrement des biftecks hachés. J'aimerais savoir
   pourquoi il est écrit sur l'emballage ... ”
   Lire la suite

   “ Pour vos filets de poisson présentés avec peau, les valeurs
   nutritionnelles affichées sur l'emballag... ”
   Lire la suite

   “ Picard propose-t-il des produits sans gluten ? ”
   Lire la suite

   “ Je suis déçu par vos pavés de loup de mer, je ne retrouve pas les
   qualités du loup (bar) que j’ai l’... ”
   Lire la suite

   “ A l’heure du développement durable, pourquoi aller chercher des
   produits aux antipodes comme l’agnea... ”
   Lire la suite

   “ Pouvez-vous me préciser ce que signifie le logo «100% muscle» qui se
   trouve sur les emballages des s... ”
   Lire la suite

   “ Pourquoi tous vos poissons ne portent-ils pas l'écolabel MSC ? ”
   Lire la suite

   “ Pourquoi certains de vos ingrédients apparaissent en gras dans les
   listes d'ingrédients sur vos emba... ”
   Lire la suite

   “ J'ai remarqué que l'emballage des filets de colin lieu MSC, propose
   des informations sur l"origine e... ”
   Lire la suite

   “ Pourquoi avez-vous changé la recette de la quiche lorraine, qui est
   d'ailleurs plus chère qu'avant ? ”
   Lire la suite

   “ Comment savoir où sont fabriqués vos produits et d'où viennent les
   ingrédients utilisés dans les pré... ”
   Lire la suite

   “ J'ai remarqué que les sachets de julienne de légumes présentent
   souvent des blocs agglomérés et du g... ”
   Lire la suite

   “ Les légumes surgelés ont-ils des qualités nutritionnelles
   équivalentes aux légumes frais ? ”
   Lire la suite

   “ Vous vendez déjà des brochettes toutes prêtes. Avez-vous une offre si
   on souhaite les faire soi-même... ”
   Lire la suite

   “ Est-ce possible d’utiliser vos poissons pour une consommation crue,
   pour confectionner des sushis pa... ”
   Lire la suite

   “ J’aimerais en savoir plus sur vos engagements et vos actions pour le
   climat ? ”
   Lire la suite

   “ J’ai découvert récemment vos pavés de bonite à ventre rayé : vu l...
   ”
   Lire la suite

   “ J'ai remarqué un nouveau label sur vos produits de la mer, que
   signifie ASC ? ”
   Lire la suite

   “ Pourquoi l’emballage des myrtilles bio préconise-t-il de cuire les
   fruits ? N’est-il pas possible de... ”
   Lire la suite

   “ Quelle est la différence entre un produit congelé et un produit
   surgelé ? ”
   Lire la suite

   “ Où s’inscrire au programme de fidélité ? ”
   Lire la suite

   “ Comment trouver la liste d’ingrédient ou les valeurs nutritionnelles
   d’un produit ? ”
   Lire la suite

   “ Comment contacter le service consommateur ? ”
   Lire la suite

   “ Comment trouver le magasin le plus proche de chez moi ? ”
   Lire la suite

   “ Est-il possible de commander des chèques cadeaux Picard ? ”
   Lire la suite

   “ Puis-je payer en ticket restaurant mes achats ? ”
   Lire la suite

   “ Comment ajouter des produits à ma commande ? ”
   Lire la suite

   “ Mon code promo ne fonctionne pas ”
   Lire la suite

   “ Quelle est la date de validité des promotions ? ”
   Lire la suite

   “ Peut-on retirer sa commande en magasin ? ”
   Lire la suite

   “ J’aimerais des précisions sur la mention qui figure sur tous vos
   emballages «ne jamais recongeler un... ”
   Lire la suite

   “ Je suis bloqué sur ma commande, que faire ? ”
   Lire la suite

   “ Quel est le montant minimum pour se faire livrer ? ”
   Lire la suite

   “ Un décret récent impose l’indication de l’origine des viandes dans
   les produits pr&eac... ”
   Lire la suite

   “ Votre mélange de légumes pour potage est très pratique pour élaborer
   rap... ”
   Lire la suite

   “ Récemment, j’ai lu plusieurs articles concernant la dangerosité de
   l’additif dioxyde de titane : pou... ”
   Lire la suite

   “ Je trouve que certains de vos produits ont des emballages superflus,
   ce qui va à l’encontre des préo... ”
   Lire la suite

   “ J’achète régulièrement des Saint-Jacques qui viennent de pays
   éloignés (Chili, Argentine …), mais je... ”
   Lire la suite
   Clicking moves
   Clicking moves Santé & Nutrition

   “ Qui se cache réellement derrière ce que l’on appelle « légumes » ?
   Entre haricots verts, épinards, p... ”
   Lire la suite

   “ Manger cinq fruits et légumes par jour, c’est facile toute l’année.
   Mais pour profiter de leur saveu... ”
   Lire la suite

   “ Les français consomment en moyenne 10 g / jour de sel alors que les
   besoins sont évalués à 3 à 5 g /... ”
   Lire la suite

   “ Rien de tel qu’un grand bol de potage chaud pour se réchauffer et se
   réconforter. Mais saviez-vous q... ”
   Lire la suite

   “ Calorique, grasse, lourde... La pomme de terre n’a pas la vie facile
   avec toutes ces idées reçues ! ... ”
   Lire la suite

   “ Les sulfites : derrière ce nom bien étrange se cache un ingrédient
   que l’on retrouve tous les jours ... ”
   Lire la suite

   Lire la suite

   “ Depuis 35 ans, Picard engage tout son savoir-faire et son exigence
   pour garantir des produits de qua... ”
   Lire la suite

   “ Des poivrons en janvier, du concombre en novembre, c’est possible !
   Avec une gamme de 87 variétés de... ”
   Lire la suite

   “ Une noisette de beurre, un filet d’huile d’olive... Les matières
   grasses sont recommandées pour fair... ”
   Lire la suite

   “ Aujourd’hui, chaque français consomme, par an, 29 kilos de poissons,
   coquillages et crustacés. Soit ... ”
   Lire la suite

   “ « Faible teneur en sucres », « pauvre en sodium », « riche en
   minéraux », « allégé »... Les allégati... ”
   Lire la suite

   “ « Amines = nécessaires à la vie », les vitamines sont des molécules
   indispensables au bon fonctionne... ”
   Lire la suite

   Lire la suite

   “ Voilà plus de 20 ans déjà que Picard nous propose un pain
   croustillant et moelleux à cœur. Avec les ... ”
   Lire la suite

   “ De l’entrée au dessert, Picard vous propose désormais une gamme de
   marques crées pour les régimes sa... ”
   Lire la suite

   “ Les produits de la mer sont la matière première la plus
   commercialisée au monde. Au cours des 50 der... ”
   Lire la suite

   “ Le petit-déjeuner est le repas le plus important de la journée. Il
   évite le coup de fatigue de 11h e... ”
   Lire la suite

   “ Picard a mis en place des processus permettant d’offrir un poisson
   extra-frais, notamment issu d’une... ”
   Lire la suite

   “ La notion d'agriculture biologique n'est pas récente : ses principes
   ont été introduits en France ap... ”
   Lire la suite

   “ Partout en Asie, les légumes ont la part belle. On en profite pour
   découvrir le beau mélange de légu... ”
   Lire la suite

   “ Si le calcium est associé aux produits laitiers, saviez-vous que
   d'autres aliments comme le chou ou ... ”
   Lire la suite

   “ L’Auvergne est une région d’élevage de bovins qui produit une viande
   reconnue pour ses saveurs excep... ”
   Lire la suite

   “ Hautes qualités gustatives et nutritionnelles, grande fraîcheur,
   facilité d’utilisation… les produit... ”
   Lire la suite

   “ La fréquence des allergies alimentaires a doublé en 5 ans. Entre 4 et
   8,5% des enfants de moins de 3... ”
   Lire la suite

   Lire la suite

   “ L’Alaska est une terre du bout du monde. Dans ses eaux pures, on ne
   trouve que du poisson sauvage pê... ”
   Lire la suite

   Lire la suite

   Lire la suite

   “ Les amateurs de poissons crus sont de plus en plus nombreux en
   France. Rien de tel en effet pour ret... ”
   Lire la suite

   “ Comme le petit-déjeuner, le goûter est un repas indispensable à la
   bonne forme et au bien-être des e... ”
   Lire la suite

   “ Un peu de thym, une pincée d’aneth... les herbes aromatiques sont
   aujourd’hui presque automatiques. ... ”
   Lire la suite

   “ Chez Picard, la majorité des ventes de produits de la mer sauvages
   porte le label "Pêche durable MSC... ”
   Lire la suite

   Lire la suite

   Lire la suite

   Lire la suite

   “ Découvrez les engagements Picard en matière de produits labellisés,
   de produits élaborés en France e... ”
   Lire la suite

   “ Chaque année, l’agriculture biologique gagne du terrain avec un
   nombre croissant d’exploitants agric... ”
   Lire la suite

   Lire la suite

   “ Plus de 100 références de produits de la mer chez Picard pour se
   faire plaisir, cultiver chaque jour... ”
   Lire la suite

   “ Sources de nombreux nutriments, les produits de la mer sont
   excellents pour la santé. Tour d’horizon... ”
   Lire la suite

   “ Les falafels sont de délicieuses boulettes libanaises cuisinées à
   base de pois chiches, d’aromates, ... ”
   Lire la suite

   “ Cette petite prune ronde à la robe jaune intense arrive à maturité à
   la fin de l’été. Aussi délicieu... ”
   Lire la suite

   “ Avec la gamme + d’équilibre, Picard propose des plats équilibrés qui
   ne transigent pas avec le plais... ”
   Lire la suite

   “ Quel est le secret de la fraîcheur et de la finesse des Saint-Jacques
   françaises de Picard ? Sélecti... ”
   Lire la suite

   “ Avocat, edamame, myrtilles, lentilles, brocolis... Découvrez tous les
   bienfaits de ces savoureux pro... ”
   Lire la suite

   “ Margot est une jeune femme pétillante qui prend la vie côté healthy*
   et la partage généreusement via... ”
   Lire la suite

   “ Picard a mis le cap sur le régime végétarien depuis plusieurs années
   afin d’accompagner les choix al... ”
   Lire la suite

   Lire la suite
   Clicking moves
     * Produits
     * C'est nouveau
     * Prix réduits
     * En cuisine
     * Les légumes
     * Les fruits
     * Les viandes & volailles
     * Les poissons & crustacés
     * Les indispensables du cuisinier
     * À table !
     * Les apéritifs
     * Les entrées, tartes et salades
     * Les plats cuisinés
     * Cuisine évasion
     * Les pains & viennoiseries
     * Les pâtisseries
     * Les glaces & sorbets
     * L'épicerie
     * Des assiettes à part
     * Les jours trop bons
     * Soupes et potages
     * Tout à moins de 3 €
     * Le bio & produits labellisés
     * Les régimes alimentaires

     * Idées à cuisiner
     * Les apéritifs
     * Les entrées
     * Les plats
     * Les desserts
     * La recette du mois
     * L'inspiration Minute
     * Qualité & Savoir-faire
     * Les actualités
     * Tendance et Innovation
     * Santé et Nutrition
     * Conservation et Cuisson
     * Nos Partenaires
     * Picard vous répond
     * Les webdocs

   Magasins
   Retrouvez-nous sur
     * Facebook
     * Twitter
     * Youtube
     * Pinterest
     * Instagram

   Contactez-nous au 0 820 16 00 39 Du lundi au samedi de 8h à 19h.
     * Picard Entreprise
     * Qui sommes nous
     * Les valeurs Picard
     * Picard à votre service
     * Picard en chiffres
     * Travailler chez Picard
     * Recrutement
     * Informations financières / Financial Information
     * Espace Presse

   Rejoignez-nous !
     * Travailler chez Picard
     * Consulter les offres
     * Devenir franchisé Picard

     * Livraison à domicile
       Du lundi au samedi,
       de 7h à  21h selon localités.
     * Recettes & astuces
       Plus de 1500 fiches
       pratiques.
     * Le plus grand choix
       Tous les produits Picard :
       grands classiques et dernières nouveautés.

     * carte bleue
     * Visa
     * Master Card
     * American Express

     * FAQ
     * Guide de navigation
     * Plan du site
     * Contact
     * CGV et CGU du site
     * Conditions du programme picard et moi
     * Données personnelles et cookies

   tarif TTC valable du 16/09/2019 au 20/10/2019 dans nos magasins et en
   livraison à domicile (pour Paris, région parisienne et la plupart des
   grandes villes)
   RichNav Démarer la vidéo Creneaux
   IFRAME: //www.googletagmanager.com/ns.html?id=GTM-WLRN96

   Livraison de surgelés à domicile Picard

Posez votre question*Champs obligatoires

   Vous souhaitez obtenir un renseignement, un complément d'information
   Écrivez-nous tout de suite et nous vous répondons dans les meilleurs
   délais.

   Objet :*
     * Choisir
     * Programme Picard et Moi
     * Demande de catalogue
     * Gestion de compte société
     * Livrez-vous ma localité ?
     * Question sur l'application mobile
     * Question sur le site WEB
     * Réclamation produit
          + - Livraison à domicile
          + - Magasin
     * Réclamation commerciale
          + - Livraison à domicile
          + - Magasin
     * Renseignement magasin
     * Renseignement produit
     * Suivi de commande et livraison
     * Divers
          + - Livraison à domicile
          + - Magasin

   Veuillez sélectionner l'objet de votre demande dans la liste déroulante

   Civilité :* [Monsieur]

   Nom :* ____________________
   Prénom :* ____________________

   E-mail :* ____________________

   Adresse :* ____________________

   Ville :* ____________________

   Code postal :* ____________________

   Magasin :* ____________________

   Code article :* ____________________

   Libellé article :* ____________________

   Société :* ____________________

   Contact :* ____________________

   Numéro de commande :* ____________________

   Numéro de lot :* ____________________

   Question :*
   ____________________________________________________________
   ____________________________________________________________
   ____________________________________________________________
   ____________________________________________________________

   Champ libre :*
   ____________________________________________________________
   ____________________________________________________________
   ____________________________________________________________
   ____________________________________________________________

   (send) Envoyer
   Votre demande a bien été envoyée

   Vos données à caractère personnel font l’objet d’un traitement mis en
   œuvre par la société PICARD SURGELES selon les modalités définies dans
   notre politique de données personnelles. Elles sont traitées sur la
   base de votre consentement afin de répondre à vos questions.

   Seuls ont accès aux données, dans la limite de leurs attributions
   respectives, (i) les services de la société PICARD SURGELES et (ii) les
   prestataires habilités à traiter vos données uniquement pour le compte
   de la société PICARD SURGELES.

   Les données à fournir de manière obligatoire sont indiquées comme
   telles sur le formulaire. Sans ces données, notre société ne sera pas
   en mesure de satisfaire votre demande.

   Conformément à la loi Informatique et libertés du 6 janvier 1978
   modifiée et au règlement européen général sur la protection des données
   à caractère personnel (UE) 2016/679 du 27 avril 2016, vous disposez
   d’un droit d’accès et d’un droit de rectification des données vous
   concernant et, s’ils sont applicables, d’un droit de suppression, d’un
   droit d’opposition au traitement de vos données, d’un droit à
   l’effacement et à la limitation du traitement ainsi que d’un droit à la
   portabilité de vos données. Vous disposez également du droit de définir
   des directives relatives au sort de vos données après votre décès. Vous
   pouvez exercer vos droits, à tout moment, en effectuant une demande
   écrite accompagnée d’un justificatif d’identité par voie électronique à
   l’adresse cnil@picard.fr ou par courrier postal adressé au Service
   Information Consommateur CS 30038 77797 Nemours. A tout moment vous
   pouvez gérer vos abonnements aux services proposés dans la rubrique
   « Mon Compte » sur picard.fr et dans l’application mobile. Vous
   disposez enfin du droit d’introduire une réclamation auprès de la
   Commission nationale de l’informatique et des libertés (Cnil).
   Vos données sont conservées pendant une durée de trois ans à compter de
   leur collecte ou du dernier contact. Les données permettant d'établir
   la preuve d'un droit ou d'un contrat, ou conservées au titre du respect
   d'une obligation légale sont archivées conformément aux dispositions en
   vigueur.




   Lorsque vous naviguez sur notre site internet, des informations sont
   susceptibles d'être enregistrées, ou lues, dans votre terminal, sous
   réserve de vos choix.

   Acceptez-vous le dépôt et la lecture de cookies afin que nous et nos
   partenaires puissions analyser vos centres d'intérêts pour vous
   proposer des publicités personnalisées ?* ( ) Oui ( ) Non

   Acceptez-vous le dépôt et la lecture de cookies afin que nous et nos
   partenaires puissions analyser vos centres d'intérêts pour vous
   proposer des publicités personnalisées ?* ( ) Oui ( ) Non

   Acceptez-vous le dépôt et/ou la lecture de cookies pour vous permettre
   de partager des contenus de notre site avec d'autres personnes ou de
   faire connaître à ces autres personnes votre consultation ou votre
   opinion  (boutons "J'aime" de Facebook par exemple) :* (*) Oui ( ) Non


   Livraison de surgelés à domicile Picard

   Livraison à domicile du Lundi au Samedi de 7h à 21h selon localités.
     * Contactez-nous
     * Appli iPhone et Android

   Vos courses et des idées gourmandes en quelques clics

   Picard&Moi Votre programme de fidélité
   Mon compte
   Rechercher un produi Submit

     *
     * Produits
     * Idées à cuisiner
     * Qualité & savoir-faire
     * Magasins
     * Mon compte
     *
     *
     *

   Vous n'avez pas sélectionné de produit Besoin d'aide ?
   Vous n'avez pas sélectionné de produit Besoin d'aide ?
     *
     *

     * Les rayons
     * Tout afficher

     * En cuisine
     *   Les légumes
     *   Les fruits
     *   Les viandes & volailles
     *   Les poissons & crustacés
     *   Les indispensables du cuisinier

     * À table !
     *   Les apéritifs
     *   Les entrées, tartes et salades
     *   Les plats cuisinés
     *   Cuisine évasion
     *   Les pains & viennoiseries
     *   Les pâtisseries
     *   Les glaces & sorbets
     *   L'épicerie

     * Des assiettes à part
     *   Les jours trop bons
     *   C'est nouveau
     *   Prix réduits
     *   Soupes et potages
     *   Tout à moins de 3 €
     *   Le bio & produits labellisés
     *   Les régimes alimentaires

   Nouveau Tout afficher

   Pizza à la tomate et au basilic la boîte de 565 g 8.76 €/kg
   Pizza à la tomate et au basilic
   3.71 €
   Ajouter à ma liste
   [Choisir une liste]
   Fermer
   ____________________ [BUTTON Input] (not implemented)__
   Fermer
   (Ajouter au panier) Ajouter au panier
   Qté ____________________ Plus Moins
   Prix réduits Tout afficher

   Lasagnes aux légumes grillés et à la... la boîte de 900 g 3.88 €/kg
   Lasagnes aux légumes grillés et à la mozzarella
   3.50 € 3.95 €
   Ajouter à ma liste
   [Choisir une liste]
   Fermer
   ____________________ [BUTTON Input] (not implemented)__
   Fermer
   (Ajouter au panier) Ajouter au panier
   Qté ____________________ Plus Moins
   Fermer
   Découvrez les recettes, les suggestions et les menus pour trouver des
   idées pour chaque plat.
   Idées à cuisiner Tout afficher
     * Les recettes
     * Toutes les recettes

   Les apéritifs Les apéritifs
   Les entrées Les entrées
   Les plats Les plats
   Les desserts Les desserts
     * Les suggestions

   La recette du mois
   La recette du mois

   Velouté de fèves à la menthe
   Découvrir
   L’inspiration Minute
   Fermer
   Les actualités Tout afficher

   La mirabelle de Lorraine : Cette petite prune ronde à la robe jaune
   intense arrive à maturité à la fin de l’été. Aussi délicieuse cuite
   q...
   Lire la suite
   La mirabelle de Lorraine

   La RSE chez Picard : bilan de notre engagement : Picard, un acteur
   engagé en matière de Responsabilité sociale et environnementale....
   Lire la suite
   La RSE chez Picard : bilan de notre engagement
   Picard vous répond
   Qualité et savoir-faire

   Qualité & Savoir-Faire

   Découvrez tous les sujets qui
   nourrissent l'alimentation,
   et nos réponses : petits secrets et grandes vérités au menu.
   Parcourir
     * Tendance et Innovation
       Tendance et Innovation
     * Santé et Nutrition
       Santé et Nutrition
     * Conservation et Cuisson
       Conservation et Cuisson
     * Nos Partenaires
       Nos Partenaires
     * Les webdocs Les webdocs

   Fermer
     * Mon compte
     * Fermer

     * accéder à mon compte
     * Mes paramètres
          + Mes informations personnelles
          + Mes abonnements
          + Mes adresses
          + Mes magasins Picard
          + Mes préférences
     * Mes commandes
          + Consulter mes commandes
     * Mes Favoris
          + Mes recettes
          + Mes listes de courses
          + Mes critères de recherche

   Se déconnecter
   Accueil    /
   Tous les rayons    /
   Tout à moins de 3 €
   Tout à moins de 3 € surgelé
     * Tout à moins de 3 €
     * Changer de rayon
          +  C'est nouveau
          +  Prix réduits
          +  Les légumes
          +  Les fruits
          +  Les viandes & volailles
          +  Les poissons & crustacés
          +  Les indispensables du cuisinier
          +  Les apéritifs
          +  Les entrées, tartes et salades
          +  Les plats cuisinés
          +  Cuisine évasion
          +  Les pains & viennoiseries
          +  Les pâtisseries
          +  Les glaces & sorbets
          +  L'épicerie
          +  Les jours trop bons
          +  Soupes et potages
          +  Tout à moins de 3 €
          +  Le bio & produits labellisés
          +  Les régimes alimentaires

Tout à moins de 3 €

   Découvrez plus de 400 produits à moins de 3 €, pour que chaque repas
   pris en famille, en solo, au saut du lit ou encore entre amis, soit un
   moment savoureux et équilibré. Fidèle à ses engagements, Picard vous
   propose un vaste choix de goûts et de saveurs pour varier les plaisirs
   tout au long de l'année.
   Trouver un produit Tomate, carpaccio, v Submit
   Recherche affinée Utilisez les critères pour trouver le produit de vos
   envies.
   [Mes critèress]
     * Afficher tous les produits
     * Afficher les suggestions du mois

   En cuisine
     * Les légumes
     * Les viandes et volailles
     * Les poissons
     * Les fruits
     * Les indispensables du cuisinier

     *   Les indispensables du cuisinier

   Enregistrer ces critères

   [Nouveau]

   (BUTTON) OK Fermer
   Votre Critère a bien été créé
   Critère mis à jour
   Ce nom de critère existe déjà
   ____________________ (save_criteria) OK Fermer
   42 produits
     *
     *

   Trier par [Pertinence_________]

   Coriandre coupée la boîte de 50 g 36.00 €/kg
   Coriandre coupée
   Ajouter à ma liste
   [Choisir une liste]
   Fermer
   ____________________ [BUTTON Input] (not implemented)__
   Fermer
   (Ajouter au panier) Ajouter au panier
   Qté ____________________ Plus Moins
   ª  1.80 €
   Oseille coupée, France le sachet de 450 g 4.33 €/kg
   Oseille coupée, France
   Ajouter à ma liste
   [Choisir une liste]
   Fermer
   ____________________ [BUTTON Input] (not implemented)__
   Fermer
   (Ajouter au panier) Ajouter au panier
   Qté ____________________ Plus Moins
   ª  1.95 €
   Petits oignons blancs entiers, épluchés le sachet de 450 g 4.00 €/kg
   Petits oignons blancs entiers, épluchés
   Ajouter à ma liste
   [Choisir une liste]
   Fermer
   ____________________ [BUTTON Input] (not implemented)__
   Fermer
   (Ajouter au panier) Ajouter au panier
   Qté ____________________ Plus Moins
   ª  1.80 €
   Sauce à la thaïlandaise curry coco le sachet de 200 g 12.00 €/kg
   Sauce à la thaïlandaise curry coco
   Ajouter à ma liste
   [Choisir une liste]
   Fermer
   ____________________ [BUTTON Input] (not implemented)__
   Fermer
   (Ajouter au panier) Ajouter au panier
   Qté ____________________ Plus Moins
   ª  2.40 €
   Gingembre coupé la boîte de 75 g 26.00 €/kg
   Gingembre coupé
   Ajouter à ma liste
   [Choisir une liste]
   Fermer
   ____________________ [BUTTON Input] (not implemented)__
   Fermer
   (Ajouter au panier) Ajouter au panier
   Qté ____________________ Plus Moins
   ª  1.95 €
   Crème anglaise (4 sachets) la boîte de 200 g 13.00 €/kg
   Crème anglaise (4 sachets)
   Ajouter à ma liste
   [Choisir une liste]
   Fermer
   ____________________ [BUTTON Input] (not implemented)__
   Fermer
   (Ajouter au panier) Ajouter au panier
   Qté ____________________ Plus Moins
   ª  2.60 €
   2 pâtes à pizza le sachet de 470 g 3.19 €/kg
   2 pâtes à pizza
   Ajouter à ma liste
   [Choisir une liste]
   Fermer
   ____________________ [BUTTON Input] (not implemented)__
   Fermer
   (Ajouter au panier) Ajouter au panier
   Qté ____________________ Plus Moins
   ª  1.50 €
   Ciboulette coupée la boîte de 50 g 36.00 €/kg
   Ciboulette coupée
   Ajouter à ma liste
   [Choisir une liste]
   Fermer
   ____________________ [BUTTON Input] (not implemented)__
   Fermer
   (Ajouter au panier) Ajouter au panier
   Qté ____________________ Plus Moins
   ª  1.80 €
   Sauce au poivre vert le sachet de 200 g 12.00 €/kg
   Sauce au poivre vert
   Ajouter à ma liste
   [Choisir une liste]
   Fermer
   ____________________ [BUTTON Input] (not implemented)__
   Fermer
   (Ajouter au panier) Ajouter au panier
   Qté ____________________ Plus Moins
   ª  2.40 €
   Fond de volaille le sachet de 150 g 16.66 €/kg
   Fond de volaille
   Ajouter à ma liste
   [Choisir une liste]
   Fermer
   ____________________ [BUTTON Input] (not implemented)__
   Fermer
   (Ajouter au panier) Ajouter au panier
   Qté ____________________ Plus Moins
   ª  2.50 €
   Basilic coupé la boîte de 50 g 36.00 €/kg
   Basilic coupé
   Ajouter à ma liste
   [Choisir une liste]
   Fermer
   ____________________ [BUTTON Input] (not implemented)__
   Fermer
   (Ajouter au panier) Ajouter au panier
   Qté ____________________ Plus Moins
   ª  1.80 €
   Aneth coupé la boîte de 50 g 36.00 €/kg
   Aneth coupé
   Ajouter à ma liste
   [Choisir une liste]
   Fermer
   ____________________ [BUTTON Input] (not implemented)__
   Fermer
   (Ajouter au panier) Ajouter au panier
   Qté ____________________ Plus Moins
   ª  1.80 €
   Ail coupé bio la boîte de 100 g 29.50 €/kg
   Ail coupé bio
   Ajouter à ma liste
   [Choisir une liste]
   Fermer
   ____________________ [BUTTON Input] (not implemented)__
   Fermer
   (Ajouter au panier) Ajouter au panier
   Qté ____________________ Plus Moins
   ª  2.95 €
   Sauce béarnaise le sachet de 200 g 12.00 €/kg
   Sauce béarnaise
   Ajouter à ma liste
   [Choisir une liste]
   Fermer
   ____________________ [BUTTON Input] (not implemented)__
   Fermer
   (Ajouter au panier) Ajouter au panier
   Qté ____________________ Plus Moins
   ª  2.40 €
   Glaçons alimentaires le sachet de 1 kg 1.85 €/kg
   Glaçons alimentaires
   Ajouter à ma liste
   [Choisir une liste]
   Fermer
   ____________________ [BUTTON Input] (not implemented)__
   Fermer
   (Ajouter au panier) Ajouter au panier
   Qté ____________________ Plus Moins
   ª  1.85 €
   Sauce beurre citron le sachet de 200 g 12.00 €/kg
   Sauce beurre citron
   Ajouter à ma liste
   [Choisir une liste]
   Fermer
   ____________________ [BUTTON Input] (not implemented)__
   Fermer
   (Ajouter au panier) Ajouter au panier
   Qté ____________________ Plus Moins
   ª  2.40 €
   Echalote coupée le sachet de 250 g 11.80 €/kg
   Echalote coupée
   Ajouter à ma liste
   [Choisir une liste]
   Fermer
   ____________________ [BUTTON Input] (not implemented)__
   Fermer
   (Ajouter au panier) Ajouter au panier
   Qté ____________________ Plus Moins
   ª  2.95 €
   Persil plat coupé bio la boîte de 50 g 36.00 €/kg
   Persil plat coupé bio
   Ajouter à ma liste
   [Choisir une liste]
   Fermer
   ____________________ [BUTTON Input] (not implemented)__
   Fermer
   (Ajouter au panier) Ajouter au panier
   Qté ____________________ Plus Moins
   ª  1.80 €
   Sauce aux champignons le sachet de 200 g 12.00 €/kg
   Sauce aux champignons
   Ajouter à ma liste
   [Choisir une liste]
   Fermer
   ____________________ [BUTTON Input] (not implemented)__
   Fermer
   (Ajouter au panier) Ajouter au panier
   Qté ____________________ Plus Moins
   ª  2.40 €
   Mélange à la thaïlandaise la boîte de 60 g 30.00 €/kg
   Mélange à la thaïlandaise
   Ajouter à ma liste
   [Choisir une liste]
   Fermer
   ____________________ [BUTTON Input] (not implemented)__
   Fermer
   (Ajouter au panier) Ajouter au panier
   Qté ____________________ Plus Moins
   ª  1.80 €
   Estragon coupé la boîte de 50 g 36.00 €/kg
   Estragon coupé
   Ajouter à ma liste
   [Choisir une liste]
   Fermer
   ____________________ [BUTTON Input] (not implemented)__
   Fermer
   (Ajouter au panier) Ajouter au panier
   Qté ____________________ Plus Moins
   ª  1.80 €
   Oignons émincés bio le sachet de 450 g 4.33 €/kg
   Oignons émincés bio
   Ajouter à ma liste
   [Choisir une liste]
   Fermer
   ____________________ [BUTTON Input] (not implemented)__
   Fermer
   (Ajouter au panier) Ajouter au panier
   Qté ____________________ Plus Moins
   ª  1.95 €
   Sauce beurre blanc au Noilly-Prat le sachet de 200 g 12.00 €/kg
   Sauce beurre blanc au Noilly-Prat
   Ajouter à ma liste
   [Choisir une liste]
   Fermer
   ____________________ [BUTTON Input] (not implemented)__
   Fermer
   (Ajouter au panier) Ajouter au panier
   Qté ____________________ Plus Moins
   ª  2.40 €
   Mélange pour salade la boîte de 50 g 36.00 €/kg
   Mélange pour salade
   Ajouter à ma liste
   [Choisir une liste]
   Fermer
   ____________________ [BUTTON Input] (not implemented)__
   Fermer
   (Ajouter au panier) Ajouter au panier
   Qté ____________________ Plus Moins
   ª  1.80 €
   Oignons en cubes le sachet de 450 g 3.55 €/kg
   Oignons en cubes
   Ajouter à ma liste
   [Choisir une liste]
   Fermer
   ____________________ [BUTTON Input] (not implemented)__
   Fermer
   (Ajouter au panier) Ajouter au panier
   Qté ____________________ Plus Moins
   ª  1.60 €
   Oignons rouges émincés le sachet de 450 g 3.55 €/kg
   Oignons rouges émincés
   Ajouter à ma liste
   [Choisir une liste]
   Fermer
   ____________________ [BUTTON Input] (not implemented)__
   Fermer
   (Ajouter au panier) Ajouter au panier
   Qté ____________________ Plus Moins
   ª  1.60 €
   Citronnelle coupée la boîte de 70 g 27.85 €/kg
   Citronnelle coupée
   Ajouter à ma liste
   [Choisir une liste]
   Fermer
   ____________________ [BUTTON Input] (not implemented)__
   Fermer
   (Ajouter au panier) Ajouter au panier
   Qté ____________________ Plus Moins
   ª  1.95 €
   Fond de veau le sachet de 150 g 16.66 €/kg
   Fond de veau
   Ajouter à ma liste
   [Choisir une liste]
   Fermer
   ____________________ [BUTTON Input] (not implemented)__
   Fermer
   (Ajouter au panier) Ajouter au panier
   Qté ____________________ Plus Moins
   ª  2.50 €
   Jus de citron le sachet de 200 g 12.50 €/kg
   Jus de citron
   Ajouter à ma liste
   [Choisir une liste]
   Fermer
   ____________________ [BUTTON Input] (not implemented)__
   Fermer
   (Ajouter au panier) Ajouter au panier
   Qté ____________________ Plus Moins
   ª  2.50 €
   Ail coupé la boîte de 100 g 28.00 €/kg
   Ail coupé
   Ajouter à ma liste
   [Choisir une liste]
   Fermer
   ____________________ [BUTTON Input] (not implemented)__
   Fermer
   (Ajouter au panier) Ajouter au panier
   Qté ____________________ Plus Moins
   ª  2.80 €
   Persil coupé le sachet de 250 g 7.80 €/kg
   Persil coupé
   Ajouter à ma liste
   [Choisir une liste]
   Fermer
   ____________________ [BUTTON Input] (not implemented)__
   Fermer
   (Ajouter au panier) Ajouter au panier
   Qté ____________________ Plus Moins
   ª  1.95 €
   Persil plat coupé la boîte de 50 g 30.00 €/kg
   Persil plat coupé
   Ajouter à ma liste
   [Choisir une liste]
   Fermer
   ____________________ [BUTTON Input] (not implemented)__
   Fermer
   (Ajouter au panier) Ajouter au panier
   Qté ____________________ Plus Moins
   ª  1.50 €
   Crème fraîche épaisse, portionnable le sachet de 250 g 7.96 €/kg
   Crème fraîche épaisse, portionnable
   Ajouter à ma liste
   [Choisir une liste]
   Fermer
   ____________________ [BUTTON Input] (not implemented)__
   Fermer
   (Ajouter au panier) Ajouter au panier
   Qté ____________________ Plus Moins
   ª  1.99 €
   Sauce à l'oseille le sachet de 200 g 12.00 €/kg
   Sauce à l'oseille
   Ajouter à ma liste
   [Choisir une liste]
   Fermer
   ____________________ [BUTTON Input] (not implemented)__
   Fermer
   (Ajouter au panier) Ajouter au panier
   Qté ____________________ Plus Moins
   ª  2.40 €
   Lait de coco le sachet de 200 g 12.00 €/kg
   Lait de coco
   Ajouter à ma liste
   [Choisir une liste]
   Fermer
   ____________________ [BUTTON Input] (not implemented)__
   Fermer
   (Ajouter au panier) Ajouter au panier
   Qté ____________________ Plus Moins
   ª  2.40 €
   Fondue d'échalotes le sachet de 200 g 14.95 €/kg
   Fondue d'échalotes
   Ajouter à ma liste
   [Choisir une liste]
   Fermer
   ____________________ [BUTTON Input] (not implemented)__
   Fermer
   (Ajouter au panier) Ajouter au panier
   Qté ____________________ Plus Moins
   ª  2.99 €
   Sauce crustacés le sachet de 200 g 12.00 €/kg
   Sauce crustacés
   Ajouter à ma liste
   [Choisir une liste]
   Fermer
   ____________________ [BUTTON Input] (not implemented)__
   Fermer
   (Ajouter au panier) Ajouter au panier
   Qté ____________________ Plus Moins
   ª  2.40 €
   Oignons émincés le sachet de 1 kg 1.95 €/kg
   Oignons émincés
   Ajouter à ma liste
   [Choisir une liste]
   Fermer
   ____________________ [BUTTON Input] (not implemented)__
   Fermer
   (Ajouter au panier) Ajouter au panier
   Qté ____________________ Plus Moins
   ª  1.95 €
   Echalote coupée la boîte de 100 g 19.50 €/kg
   Echalote coupée
   Ajouter à ma liste
   [Choisir une liste]
   Fermer
   ____________________ [BUTTON Input] (not implemented)__
   Fermer
   (Ajouter au panier) Ajouter au panier
   Qté ____________________ Plus Moins
   ª  1.95 €
   Thym coupé la boîte de 50 g 36.00 €/kg
   Thym coupé
   Ajouter à ma liste
   [Choisir une liste]
   Fermer
   ____________________ [BUTTON Input] (not implemented)__
   Fermer
   (Ajouter au panier) Ajouter au panier
   Qté ____________________ Plus Moins
   ª  1.80 €
   Menthe douce coupée la boîte de 50 g 36.00 €/kg
   Menthe douce coupée
   Ajouter à ma liste
   [Choisir une liste]
   Fermer
   ____________________ [BUTTON Input] (not implemented)__
   Fermer
   (Ajouter au panier) Ajouter au panier
   Qté ____________________ Plus Moins
   ª  1.80 €
   Sauce tomate, huile d'olive vierge... le sachet de 500 g 5.98 €/kg
   Sauce tomate, huile d'olive vierge extra, oignons
   Ajouter à ma liste
   [Choisir une liste]
   Fermer
   ____________________ [BUTTON Input] (not implemented)__
   Fermer
   (Ajouter au panier) Ajouter au panier
   Qté ____________________ Plus Moins
   ª  2.99 €
   Haut de page
     *
     *

   Trier par [Pertinence_________]

   Clicking moves Picard vous répond

   “ Je viens de regarder un reportage TV qui concernait les "acides gras
   trans", c'est-à-dire hydrogénés... ”
   Lire la suite

   “ Pourriez-vous me confirmer que les informations nutritionnelles
   mentionnées sur vos emballages s’ent... ”
   Lire la suite

   “ Colin d’Alaska, colin lieu, quelles sont les différences ? ”
   Lire la suite

   “ A quoi correspondent exactement les pourcentages des « AJR » qui sont
   indiqués dans certains tableau... ”
   Lire la suite

   “ Picard propose de nombreux plats exotiques. Leur fabrication est-elle
   effectuée en France ? Certains... ”
   Lire la suite

   “ Quelle est la différence entre les mentions "production française" et
   "produit élaboré en France" ”
   Lire la suite

   “ L’emballage des produits BIO comporte 2 types d'informations sur
   l'origine avec une mention « Agric... ”
   Lire la suite

   “ Trouve-t-on des ajouts de conservateurs tels que les sulfites dans
   vos produits ? ”
   Lire la suite

   “ Je trouve le prix de vos filets de sole mer du Nord très élevé en
   comparaison avec les soles fraîche... ”
   Lire la suite

   “ Après cuisson des lobes de foie gras, je constate quelquefois une
   proportion de graisse importante. ... ”
   Lire la suite

   “ Pourquoi y a-t-il de la gélatine de porc dans certains de vos
   desserts glacés ? Est-ce vraiment néce... ”
   Lire la suite

   “ J’aimerais avoir la liste des herbes et aromates qui sont irradiés,
   car sur aucun de vos emballages ... ”
   Lire la suite

   “ Comment puis-je distinguer les poissons d'élevage des poissons
   sauvages parmi les espèces disponible... ”
   Lire la suite

   “ J'ai découvert récemment un nouveau logo pour la viande bovine
   Française. A quoi correspond ce logo ... ”
   Lire la suite

   “ Pourquoi certaines langoustines ont-elles des têtes vertes ? ”
   Lire la suite

   “ Pourquoi vos noix de Saint-Jacques ont-elles quelquefois très peu de
   corail ? Cela nuit à la présent... ”
   Lire la suite

   “ Comment puis-je m’assurer que le thon de couleur rouge que vous
   commercialisez en découpes ou dans l... ”
   Lire la suite

   “ Pourquoi ne trouve-t-on pas de « gambas » dans votre gamme ? Quelle
   est la différence avec des creve... ”
   Lire la suite

   “ Pourquoi ajoutez-vous du sucre dans certains de vos plats cuisinés ?
   Lorsque l'on souhaite réduire s... ”
   Lire la suite

   “ Je consomme beaucoup de légumes surgelés et j’aimerais m’assurer que
   les emballages ne renferment pa... ”
   Lire la suite

   “ Importez-vous des produits du Japon et quelles sont les conséquences
   sanitaires suite à l’incident d... ”
   Lire la suite

   “ J’ai entendu dire que Picard éditait un catalogue en braille pour les
   non-voyants. Qu’en est-il et o... ”
   Lire la suite

   “ Depuis quelques mois vous me livrez à domicile et j’aimerais savoir
   quelle est la quantité maximale ... ”
   Lire la suite

   “ Est-il possible de laver la glacière en coton équitable en machine à
   laver ? ”
   Lire la suite

   “ Je souhaiterais savoir si la teneur en pesticides des fruits et
   légumes que vous vendez est systémat... ”
   Lire la suite

   “ Pouvez-vous me confirmer que des poissons conservés plusieurs mois à
   l’état surgelé ne perdent pas l... ”
   Lire la suite

   “ Pouvez-vous me préciser ce que garantit le « LABEL ROUGE » sur vos
   brochettes de crevettes ? ”
   Lire la suite

   “ Plusieurs distributeurs ont pris la décision de ne plus
   commercialiser certaines espèces de poissons... ”
   Lire la suite

   “ Les mini-brochettes de poulet au miel et au thym sont excellentes,
   mais, surprise quand je découvre ... ”
   Lire la suite

   “ Pouvez-vous me préciser si les mono et diglycérides d’acides gras
   présents dans certains de vos prod... ”
   Lire la suite

   “ Quelle est la différence entre votre nouvelle gamme « Tout bon, tout
   veggie* » et les autres produit... ”
   Lire la suite

   “ Avez-vous des conseils pour décongeler rapidement des filets de
   poisson ? Est-il possible de les lai... ”
   Lire la suite

   “ Certains de vos produits contiennent de l'huile de palme. Quelle est
   votre politique en la matière ? ”
   Lire la suite

   “ Je souhaite savoir si vous réalisez toujours des tests ADN sur les
   viandes utilisées dans vos plats ... ”
   Lire la suite

   “ Que signifient les étoiles qui figurent à côté des dénominations de
   certaines viandes ? ”
   Lire la suite

   “ Pourquoi vos crevettes nordiques présentent souvent des œufs, alors
   que ce n'est jamais le cas pour ... ”
   Lire la suite

   “ J'achète régulièrement des biftecks hachés. J'aimerais savoir
   pourquoi il est écrit sur l'emballage ... ”
   Lire la suite

   “ Pour vos filets de poisson présentés avec peau, les valeurs
   nutritionnelles affichées sur l'emballag... ”
   Lire la suite

   “ Picard propose-t-il des produits sans gluten ? ”
   Lire la suite

   “ Je suis déçu par vos pavés de loup de mer, je ne retrouve pas les
   qualités du loup (bar) que j’ai l’... ”
   Lire la suite

   “ A l’heure du développement durable, pourquoi aller chercher des
   produits aux antipodes comme l’agnea... ”
   Lire la suite

   “ Pouvez-vous me préciser ce que signifie le logo «100% muscle» qui se
   trouve sur les emballages des s... ”
   Lire la suite

   “ Pourquoi tous vos poissons ne portent-ils pas l'écolabel MSC ? ”
   Lire la suite

   “ Pourquoi certains de vos ingrédients apparaissent en gras dans les
   listes d'ingrédients sur vos emba... ”
   Lire la suite

   “ J'ai remarqué que l'emballage des filets de colin lieu MSC, propose
   des informations sur l"origine e... ”
   Lire la suite

   “ Pourquoi avez-vous changé la recette de la quiche lorraine, qui est
   d'ailleurs plus chère qu'avant ? ”
   Lire la suite

   “ Comment savoir où sont fabriqués vos produits et d'où viennent les
   ingrédients utilisés dans les pré... ”
   Lire la suite

   “ J'ai remarqué que les sachets de julienne de légumes présentent
   souvent des blocs agglomérés et du g... ”
   Lire la suite

   “ Les légumes surgelés ont-ils des qualités nutritionnelles
   équivalentes aux légumes frais ? ”
   Lire la suite

   “ Vous vendez déjà des brochettes toutes prêtes. Avez-vous une offre si
   on souhaite les faire soi-même... ”
   Lire la suite

   “ Est-ce possible d’utiliser vos poissons pour une consommation crue,
   pour confectionner des sushis pa... ”
   Lire la suite

   “ J’aimerais en savoir plus sur vos engagements et vos actions pour le
   climat ? ”
   Lire la suite

   “ J’ai découvert récemment vos pavés de bonite à ventre rayé : vu l...
   ”
   Lire la suite

   “ J'ai remarqué un nouveau label sur vos produits de la mer, que
   signifie ASC ? ”
   Lire la suite

   “ Pourquoi l’emballage des myrtilles bio préconise-t-il de cuire les
   fruits ? N’est-il pas possible de... ”
   Lire la suite

   “ Quelle est la différence entre un produit congelé et un produit
   surgelé ? ”
   Lire la suite

   “ Où s’inscrire au programme de fidélité ? ”
   Lire la suite

   “ Comment trouver la liste d’ingrédient ou les valeurs nutritionnelles
   d’un produit ? ”
   Lire la suite

   “ Comment contacter le service consommateur ? ”
   Lire la suite

   “ Comment trouver le magasin le plus proche de chez moi ? ”
   Lire la suite

   “ Est-il possible de commander des chèques cadeaux Picard ? ”
   Lire la suite

   “ Puis-je payer en ticket restaurant mes achats ? ”
   Lire la suite

   “ Comment ajouter des produits à ma commande ? ”
   Lire la suite

   “ Mon code promo ne fonctionne pas ”
   Lire la suite

   “ Quelle est la date de validité des promotions ? ”
   Lire la suite

   “ Peut-on retirer sa commande en magasin ? ”
   Lire la suite

   “ J’aimerais des précisions sur la mention qui figure sur tous vos
   emballages «ne jamais recongeler un... ”
   Lire la suite

   “ Je suis bloqué sur ma commande, que faire ? ”
   Lire la suite

   “ Quel est le montant minimum pour se faire livrer ? ”
   Lire la suite

   “ Un décret récent impose l’indication de l’origine des viandes dans
   les produits pr&eac... ”
   Lire la suite

   “ Votre mélange de légumes pour potage est très pratique pour élaborer
   rap... ”
   Lire la suite

   “ Récemment, j’ai lu plusieurs articles concernant la dangerosité de
   l’additif dioxyde de titane : pou... ”
   Lire la suite

   “ Je trouve que certains de vos produits ont des emballages superflus,
   ce qui va à l’encontre des préo... ”
   Lire la suite

   “ J’achète régulièrement des Saint-Jacques qui viennent de pays
   éloignés (Chili, Argentine …), mais je... ”
   Lire la suite
   Clicking moves
   Clicking moves Santé & Nutrition

   “ Qui se cache réellement derrière ce que l’on appelle « légumes » ?
   Entre haricots verts, épinards, p... ”
   Lire la suite

   “ Manger cinq fruits et légumes par jour, c’est facile toute l’année.
   Mais pour profiter de leur saveu... ”
   Lire la suite

   “ Les français consomment en moyenne 10 g / jour de sel alors que les
   besoins sont évalués à 3 à 5 g /... ”
   Lire la suite

   “ Rien de tel qu’un grand bol de potage chaud pour se réchauffer et se
   réconforter. Mais saviez-vous q... ”
   Lire la suite

   “ Calorique, grasse, lourde... La pomme de terre n’a pas la vie facile
   avec toutes ces idées reçues ! ... ”
   Lire la suite

   “ Les sulfites : derrière ce nom bien étrange se cache un ingrédient
   que l’on retrouve tous les jours ... ”
   Lire la suite

   Lire la suite

   “ Depuis 35 ans, Picard engage tout son savoir-faire et son exigence
   pour garantir des produits de qua... ”
   Lire la suite

   “ Des poivrons en janvier, du concombre en novembre, c’est possible !
   Avec une gamme de 87 variétés de... ”
   Lire la suite

   “ Une noisette de beurre, un filet d’huile d’olive... Les matières
   grasses sont recommandées pour fair... ”
   Lire la suite

   “ Aujourd’hui, chaque français consomme, par an, 29 kilos de poissons,
   coquillages et crustacés. Soit ... ”
   Lire la suite

   “ « Faible teneur en sucres », « pauvre en sodium », « riche en
   minéraux », « allégé »... Les allégati... ”
   Lire la suite

   “ « Amines = nécessaires à la vie », les vitamines sont des molécules
   indispensables au bon fonctionne... ”
   Lire la suite

   Lire la suite

   “ Voilà plus de 20 ans déjà que Picard nous propose un pain
   croustillant et moelleux à cœur. Avec les ... ”
   Lire la suite

   “ De l’entrée au dessert, Picard vous propose désormais une gamme de
   marques crées pour les régimes sa... ”
   Lire la suite

   “ Les produits de la mer sont la matière première la plus
   commercialisée au monde. Au cours des 50 der... ”
   Lire la suite

   “ Le petit-déjeuner est le repas le plus important de la journée. Il
   évite le coup de fatigue de 11h e... ”
   Lire la suite

   “ Picard a mis en place des processus permettant d’offrir un poisson
   extra-frais, notamment issu d’une... ”
   Lire la suite

   “ La notion d'agriculture biologique n'est pas récente : ses principes
   ont été introduits en France ap... ”
   Lire la suite

   “ Partout en Asie, les légumes ont la part belle. On en profite pour
   découvrir le beau mélange de légu... ”
   Lire la suite

   “ Si le calcium est associé aux produits laitiers, saviez-vous que
   d'autres aliments comme le chou ou ... ”
   Lire la suite

   “ L’Auvergne est une région d’élevage de bovins qui produit une viande
   reconnue pour ses saveurs excep... ”
   Lire la suite

   “ Hautes qualités gustatives et nutritionnelles, grande fraîcheur,
   facilité d’utilisation… les produit... ”
   Lire la suite

   “ La fréquence des allergies alimentaires a doublé en 5 ans. Entre 4 et
   8,5% des enfants de moins de 3... ”
   Lire la suite

   Lire la suite

   “ L’Alaska est une terre du bout du monde. Dans ses eaux pures, on ne
   trouve que du poisson sauvage pê... ”
   Lire la suite

   Lire la suite

   Lire la suite

   “ Les amateurs de poissons crus sont de plus en plus nombreux en
   France. Rien de tel en effet pour ret... ”
   Lire la suite

   “ Comme le petit-déjeuner, le goûter est un repas indispensable à la
   bonne forme et au bien-être des e... ”
   Lire la suite

   “ Un peu de thym, une pincée d’aneth... les herbes aromatiques sont
   aujourd’hui presque automatiques. ... ”
   Lire la suite

   “ Chez Picard, la majorité des ventes de produits de la mer sauvages
   porte le label "Pêche durable MSC... ”
   Lire la suite

   Lire la suite

   Lire la suite

   Lire la suite

   “ Découvrez les engagements Picard en matière de produits labellisés,
   de produits élaborés en France e... ”
   Lire la suite

   “ Chaque année, l’agriculture biologique gagne du terrain avec un
   nombre croissant d’exploitants agric... ”
   Lire la suite

   Lire la suite

   “ Plus de 100 références de produits de la mer chez Picard pour se
   faire plaisir, cultiver chaque jour... ”
   Lire la suite

   “ Sources de nombreux nutriments, les produits de la mer sont
   excellents pour la santé. Tour d’horizon... ”
   Lire la suite

   “ Les falafels sont de délicieuses boulettes libanaises cuisinées à
   base de pois chiches, d’aromates, ... ”
   Lire la suite

   “ Cette petite prune ronde à la robe jaune intense arrive à maturité à
   la fin de l’été. Aussi délicieu... ”
   Lire la suite

   “ Avec la gamme + d’équilibre, Picard propose des plats équilibrés qui
   ne transigent pas avec le plais... ”
   Lire la suite

   “ Quel est le secret de la fraîcheur et de la finesse des Saint-Jacques
   françaises de Picard ? Sélecti... ”
   Lire la suite

   “ Avocat, edamame, myrtilles, lentilles, brocolis... Découvrez tous les
   bienfaits de ces savoureux pro... ”
   Lire la suite

   “ Margot est une jeune femme pétillante qui prend la vie côté healthy*
   et la partage généreusement via... ”
   Lire la suite

   “ Picard a mis le cap sur le régime végétarien depuis plusieurs années
   afin d’accompagner les choix al... ”
   Lire la suite

   Lire la suite
   Clicking moves
     * Produits
     * C'est nouveau
     * Prix réduits
     * En cuisine
     * Les légumes
     * Les fruits
     * Les viandes & volailles
     * Les poissons & crustacés
     * Les indispensables du cuisinier
     * À table !
     * Les apéritifs
     * Les entrées, tartes et salades
     * Les plats cuisinés
     * Cuisine évasion
     * Les pains & viennoiseries
     * Les pâtisseries
     * Les glaces & sorbets
     * L'épicerie
     * Des assiettes à part
     * Les jours trop bons
     * Soupes et potages
     * Tout à moins de 3 €
     * Le bio & produits labellisés
     * Les régimes alimentaires

     * Idées à cuisiner
     * Les apéritifs
     * Les entrées
     * Les plats
     * Les desserts
     * La recette du mois
     * L'inspiration Minute
     * Qualité & Savoir-faire
     * Les actualités
     * Tendance et Innovation
     * Santé et Nutrition
     * Conservation et Cuisson
     * Nos Partenaires
     * Picard vous répond
     * Les webdocs

   Magasins
   Retrouvez-nous sur
     * Facebook
     * Twitter
     * Youtube
     * Pinterest
     * Instagram

   Contactez-nous au 0 820 16 00 39 Du lundi au samedi de 8h à 19h.
     * Picard Entreprise
     * Qui sommes nous
     * Les valeurs Picard
     * Picard à votre service
     * Picard en chiffres
     * Travailler chez Picard
     * Recrutement
     * Informations financières / Financial Information
     * Espace Presse

   Rejoignez-nous !
     * Travailler chez Picard
     * Consulter les offres
     * Devenir franchisé Picard

     * Livraison à domicile
       Du lundi au samedi,
       de 7h à  21h selon localités.
     * Recettes & astuces
       Plus de 1500 fiches
       pratiques.
     * Le plus grand choix
       Tous les produits Picard :
       grands classiques et dernières nouveautés.

     * carte bleue
     * Visa
     * Master Card
     * American Express

     * FAQ
     * Guide de navigation
     * Plan du site
     * Contact
     * CGV et CGU du site
     * Conditions du programme picard et moi
     * Données personnelles et cookies

   tarif TTC valable du 16/09/2019 au 20/10/2019 dans nos magasins et en
   livraison à domicile (pour Paris, région parisienne et la plupart des
   grandes villes)
   RichNav Démarer la vidéo Creneaux
   IFRAME: //www.googletagmanager.com/ns.html?id=GTM-WLRN96

   Livraison de surgelés à domicile Picard

Posez votre question*Champs obligatoires

   Vous souhaitez obtenir un renseignement, un complément d'information
   Écrivez-nous tout de suite et nous vous répondons dans les meilleurs
   délais.

   Objet :*
     * Choisir
     * Programme Picard et Moi
     * Demande de catalogue
     * Gestion de compte société
     * Livrez-vous ma localité ?
     * Question sur l'application mobile
     * Question sur le site WEB
     * Réclamation produit
          + - Livraison à domicile
          + - Magasin
     * Réclamation commerciale
          + - Livraison à domicile
          + - Magasin
     * Renseignement magasin
     * Renseignement produit
     * Suivi de commande et livraison
     * Divers
          + - Livraison à domicile
          + - Magasin

   Veuillez sélectionner l'objet de votre demande dans la liste déroulante

   Civilité :* [Monsieur]

   Nom :* ____________________
   Prénom :* ____________________

   E-mail :* ____________________

   Adresse :* ____________________

   Ville :* ____________________

   Code postal :* ____________________

   Magasin :* ____________________

   Code article :* ____________________

   Libellé article :* ____________________

   Société :* ____________________

   Contact :* ____________________

   Numéro de commande :* ____________________

   Numéro de lot :* ____________________

   Question :*
   ____________________________________________________________
   ____________________________________________________________
   ____________________________________________________________
   ____________________________________________________________

   Champ libre :*
   ____________________________________________________________
   ____________________________________________________________
   ____________________________________________________________
   ____________________________________________________________

   (send) Envoyer
   Votre demande a bien été envoyée

   Vos données à caractère personnel font l’objet d’un traitement mis en
   œuvre par la société PICARD SURGELES selon les modalités définies dans
   notre politique de données personnelles. Elles sont traitées sur la
   base de votre consentement afin de répondre à vos questions.

   Seuls ont accès aux données, dans la limite de leurs attributions
   respectives, (i) les services de la société PICARD SURGELES et (ii) les
   prestataires habilités à traiter vos données uniquement pour le compte
   de la société PICARD SURGELES.

   Les données à fournir de manière obligatoire sont indiquées comme
   telles sur le formulaire. Sans ces données, notre société ne sera pas
   en mesure de satisfaire votre demande.

   Conformément à la loi Informatique et libertés du 6 janvier 1978
   modifiée et au règlement européen général sur la protection des données
   à caractère personnel (UE) 2016/679 du 27 avril 2016, vous disposez
   d’un droit d’accès et d’un droit de rectification des données vous
   concernant et, s’ils sont applicables, d’un droit de suppression, d’un
   droit d’opposition au traitement de vos données, d’un droit à
   l’effacement et à la limitation du traitement ainsi que d’un droit à la
   portabilité de vos données. Vous disposez également du droit de définir
   des directives relatives au sort de vos données après votre décès. Vous
   pouvez exercer vos droits, à tout moment, en effectuant une demande
   écrite accompagnée d’un justificatif d’identité par voie électronique à
   l’adresse cnil@picard.fr ou par courrier postal adressé au Service
   Information Consommateur CS 30038 77797 Nemours. A tout moment vous
   pouvez gérer vos abonnements aux services proposés dans la rubrique
   « Mon Compte » sur picard.fr et dans l’application mobile. Vous
   disposez enfin du droit d’introduire une réclamation auprès de la
   Commission nationale de l’informatique et des libertés (Cnil).
   Vos données sont conservées pendant une durée de trois ans à compter de
   leur collecte ou du dernier contact. Les données permettant d'établir
   la preuve d'un droit ou d'un contrat, ou conservées au titre du respect
   d'une obligation légale sont archivées conformément aux dispositions en
   vigueur.




   Lorsque vous naviguez sur notre site internet, des informations sont
   susceptibles d'être enregistrées, ou lues, dans votre terminal, sous
   réserve de vos choix.

   Acceptez-vous le dépôt et la lecture de cookies afin que nous et nos
   partenaires puissions analyser vos centres d'intérêts pour vous
   proposer des publicités personnalisées ?* ( ) Oui ( ) Non

   Acceptez-vous le dépôt et la lecture de cookies afin que nous et nos
   partenaires puissions analyser vos centres d'intérêts pour vous
   proposer des publicités personnalisées ?* ( ) Oui ( ) Non

   Acceptez-vous le dépôt et/ou la lecture de cookies pour vous permettre
   de partager des contenus de notre site avec d'autres personnes ou de
   faire connaître à ces autres personnes votre consultation ou votre
   opinion  (boutons "J'aime" de Facebook par exemple) :* (*) Oui ( ) Non


   Livraison de surgelés à domicile Picard

   Livraison à domicile du Lundi au Samedi de 7h à 21h selon localités.
     * Contactez-nous
     * Appli iPhone et Android

   Vos courses et des idées gourmandes en quelques clics

   Picard&Moi Votre programme de fidélité
   Mon compte
   Rechercher un produi Submit

     *
     * Produits
     * Idées à cuisiner
     * Qualité & savoir-faire
     * Magasins
     * Mon compte
     *
     *
     *

   Vous n'avez pas sélectionné de produit Besoin d'aide ?
   Vous n'avez pas sélectionné de produit Besoin d'aide ?
     *
     *

     * Les rayons
     * Tout afficher

     * En cuisine
     *   Les légumes
     *   Les fruits
     *   Les viandes & volailles
     *   Les poissons & crustacés
     *   Les indispensables du cuisinier

     * À table !
     *   Les apéritifs
     *   Les entrées, tartes et salades
     *   Les plats cuisinés
     *   Cuisine évasion
     *   Les pains & viennoiseries
     *   Les pâtisseries
     *   Les glaces & sorbets
     *   L'épicerie

     * Des assiettes à part
     *   Les jours trop bons
     *   C'est nouveau
     *   Prix réduits
     *   Soupes et potages
     *   Tout à moins de 3 €
     *   Le bio & produits labellisés
     *   Les régimes alimentaires

   Nouveau Tout afficher

   Raviolis marguerites à la courge sauce... barquette de 300 g 11.66 €/kg
   Raviolis marguerites à la courge sauce mascarpone
   2.62 €
   Ajouter à ma liste
   [Choisir une liste]
   Fermer
   ____________________ [BUTTON Input] (not implemented)__
   Fermer
   (Ajouter au panier) Ajouter au panier
   Qté ____________________ Plus Moins
   Prix réduits Tout afficher

   15 mini-quiches la boîte de 270 g 16.29 €/kg
   15 mini-quiches
   4.40 € 4.95 €
   Ajouter à ma liste
   [Choisir une liste]
   Fermer
   ____________________ [BUTTON Input] (not implemented)__
   Fermer
   (Ajouter au panier) Ajouter au panier
   Qté ____________________ Plus Moins
   Fermer
   Découvrez les recettes, les suggestions et les menus pour trouver des
   idées pour chaque plat.
   Idées à cuisiner Tout afficher
     * Les recettes
     * Toutes les recettes

   Les apéritifs Les apéritifs
   Les entrées Les entrées
   Les plats Les plats
   Les desserts Les desserts
     * Les suggestions

   La recette du mois
   La recette du mois

   Velouté de fèves à la menthe
   Découvrir
   L’inspiration Minute
   Fermer
   Les actualités Tout afficher

   La mirabelle de Lorraine : Cette petite prune ronde à la robe jaune
   intense arrive à maturité à la fin de l’été. Aussi délicieuse cuite
   q...
   Lire la suite
   La mirabelle de Lorraine

   La RSE chez Picard : bilan de notre engagement : Picard, un acteur
   engagé en matière de Responsabilité sociale et environnementale....
   Lire la suite
   La RSE chez Picard : bilan de notre engagement
   Picard vous répond
   Qualité et savoir-faire

   Qualité & Savoir-Faire

   Découvrez tous les sujets qui
   nourrissent l'alimentation,
   et nos réponses : petits secrets et grandes vérités au menu.
   Parcourir
     * Tendance et Innovation
       Tendance et Innovation
     * Santé et Nutrition
       Santé et Nutrition
     * Conservation et Cuisson
       Conservation et Cuisson
     * Nos Partenaires
       Nos Partenaires
     * Les webdocs Les webdocs

   Fermer
     * Mon compte
     * Fermer

     * accéder à mon compte
     * Mes paramètres
          + Mes informations personnelles
          + Mes abonnements
          + Mes adresses
          + Mes magasins Picard
          + Mes préférences
     * Mes commandes
          + Consulter mes commandes
     * Mes Favoris
          + Mes recettes
          + Mes listes de courses
          + Mes critères de recherche

   Se déconnecter
   Accueil    /
   Tous les rayons    /
   Tout à moins de 3 €
   Tout à moins de 3 € surgelé
     * Tout à moins de 3 €
     * Changer de rayon
          +  C'est nouveau
          +  Prix réduits
          +  Les légumes
          +  Les fruits
          +  Les viandes & volailles
          +  Les poissons & crustacés
          +  Les indispensables du cuisinier
          +  Les apéritifs
          +  Les entrées, tartes et salades
          +  Les plats cuisinés
          +  Cuisine évasion
          +  Les pains & viennoiseries
          +  Les pâtisseries
          +  Les glaces & sorbets
          +  L'épicerie
          +  Les jours trop bons
          +  Soupes et potages
          +  Tout à moins de 3 €
          +  Le bio & produits labellisés
          +  Les régimes alimentaires

Tout à moins de 3 €

   Découvrez plus de 400 produits à moins de 3 €, pour que chaque repas
   pris en famille, en solo, au saut du lit ou encore entre amis, soit un
   moment savoureux et équilibré. Fidèle à ses engagements, Picard vous
   propose un vaste choix de goûts et de saveurs pour varier les plaisirs
   tout au long de l'année.
   Trouver un produit Tomate, carpaccio, v Submit
   Recherche affinée Utilisez les critères pour trouver le produit de vos
   envies.
   [Mes critèress]
     * Afficher tous les produits
     * Afficher les suggestions du mois

   En cuisine
     * Les légumes
     * Les viandes et volailles
     * Les poissons
     * Les fruits
     * Les indispensables du cuisinier

   A table !
     * Les apéritifs
     * Les entrées et tartes
     * Les plats cuisinés
     * La cuisine évasion
     * Les pains et viennoiseries
     * Les pâtisseries
     * Les glaces et sorbets
     * L'épicerie

     *   Les apéritifs

   Enregistrer ces critères

   [Nouveau]

   (BUTTON) OK Fermer
   Votre Critère a bien été créé
   Critère mis à jour
   Ce nom de critère existe déjà
   ____________________ (save_criteria) OK Fermer
   8 produits
     *
     *

   Trier par [Pertinence_________]

   Bouchées à la pomme de terre au Gruyère... la boîte de 280 g 10.53 €/kg
   Bouchées à la pomme de terre au Gruyère IGP,France
   Ajouter à ma liste
   [Choisir une liste]
   Fermer
   ____________________ [BUTTON Input] (not implemented)__
   Fermer
   (Ajouter au panier) Ajouter au panier
   Qté ____________________ Plus Moins
   ª  2.95 €
   9 petites pizzas jambon-fromage la boîte de 270 g 10.92 €/kg
   9 petites pizzas jambon-fromage
   Ajouter à ma liste
   [Choisir une liste]
   Fermer
   ____________________ [BUTTON Input] (not implemented)__
   Fermer
   (Ajouter au panier) Ajouter au panier
   Qté ____________________ Plus Moins
   ª  2.95 €
   8 nems au poulet avec sauce nuoc-mâm la boîte de 240 g 12.45 €/kg
   8 nems au poulet avec sauce nuoc-mâm
   Ajouter à ma liste
   [Choisir une liste]
   Fermer
   ____________________ [BUTTON Input] (not implemented)__
   Fermer
   (Ajouter au panier) Ajouter au panier
   Qté ____________________ Plus Moins
   ª  2.99 €
   Houmous le pot de 250 g 11.80 €/kg
   Houmous
   Ajouter à ma liste
   [Choisir une liste]
   Fermer
   ____________________ [BUTTON Input] (not implemented)__
   Fermer
   (Ajouter au panier) Ajouter au panier
   Qté ____________________ Plus Moins
   ª  2.95 €
   Mini-cake jambon olives (12 tranches... la boîte de 245 g 12.04 €/kg
   Mini-cake jambon olives (12 tranches environ)
   Ajouter à ma liste
   [Choisir une liste]
   Fermer
   ____________________ [BUTTON Input] (not implemented)__
   Fermer
   (Ajouter au panier) Ajouter au panier
   Qté ____________________ Plus Moins
   ª  2.95 €
   Bâtonnets panés à la mozzarella la boîte de 300 g 9.83 €/kg
   Bâtonnets panés à la mozzarella
   Ajouter à ma liste
   [Choisir une liste]
   Fermer
   ____________________ [BUTTON Input] (not implemented)__
   Fermer
   (Ajouter au panier) Ajouter au panier
   Qté ____________________ Plus Moins
   ª  2.95 €
   -5% supp avec la carte Mini-cake chèvre tomate courgette, à... la boîte
   de 245 g 10.61 €/kg
   Mini-cake chèvre tomate courgette, à trancher
   Ajouter à ma liste
   [Choisir une liste]
   Fermer
   ____________________ [BUTTON Input] (not implemented)__
   Fermer
   (Ajouter au panier) Ajouter au panier
   Qté ____________________ Plus Moins
   ª  2.60 € 2.95€
   - 30% avec la carte 8 nems aux légumes avec sauce... la boîte de 240 g
   12.45 €/kg
   [bandeau-picard-et-moi-2lignes.png]
   8 nems aux légumes avec sauce aigre-douce
   Ajouter à ma liste
   [Choisir une liste]
   Fermer
   ____________________ [BUTTON Input] (not implemented)__
   Fermer
   (Ajouter au panier) Ajouter au panier
   Qté ____________________ Plus Moins
   ª  2.99 €
   Haut de page
     *
     *

   Trier par [Pertinence_________]

   Clicking moves Picard vous répond

   “ Je viens de regarder un reportage TV qui concernait les "acides gras
   trans", c'est-à-dire hydrogénés... ”
   Lire la suite

   “ Pourriez-vous me confirmer que les informations nutritionnelles
   mentionnées sur vos emballages s’ent... ”
   Lire la suite

   “ Colin d’Alaska, colin lieu, quelles sont les différences ? ”
   Lire la suite

   “ A quoi correspondent exactement les pourcentages des « AJR » qui sont
   indiqués dans certains tableau... ”
   Lire la suite

   “ Picard propose de nombreux plats exotiques. Leur fabrication est-elle
   effectuée en France ? Certains... ”
   Lire la suite

   “ Quelle est la différence entre les mentions "production française" et
   "produit élaboré en France" ”
   Lire la suite

   “ L’emballage des produits BIO comporte 2 types d'informations sur
   l'origine avec une mention « Agric... ”
   Lire la suite

   “ Trouve-t-on des ajouts de conservateurs tels que les sulfites dans
   vos produits ? ”
   Lire la suite

   “ Je trouve le prix de vos filets de sole mer du Nord très élevé en
   comparaison avec les soles fraîche... ”
   Lire la suite

   “ Après cuisson des lobes de foie gras, je constate quelquefois une
   proportion de graisse importante. ... ”
   Lire la suite

   “ Pourquoi y a-t-il de la gélatine de porc dans certains de vos
   desserts glacés ? Est-ce vraiment néce... ”
   Lire la suite

   “ J’aimerais avoir la liste des herbes et aromates qui sont irradiés,
   car sur aucun de vos emballages ... ”
   Lire la suite

   “ Comment puis-je distinguer les poissons d'élevage des poissons
   sauvages parmi les espèces disponible... ”
   Lire la suite

   “ J'ai découvert récemment un nouveau logo pour la viande bovine
   Française. A quoi correspond ce logo ... ”
   Lire la suite

   “ Pourquoi certaines langoustines ont-elles des têtes vertes ? ”
   Lire la suite

   “ Pourquoi vos noix de Saint-Jacques ont-elles quelquefois très peu de
   corail ? Cela nuit à la présent... ”
   Lire la suite

   “ Comment puis-je m’assurer que le thon de couleur rouge que vous
   commercialisez en découpes ou dans l... ”
   Lire la suite

   “ Pourquoi ne trouve-t-on pas de « gambas » dans votre gamme ? Quelle
   est la différence avec des creve... ”
   Lire la suite

   “ Pourquoi ajoutez-vous du sucre dans certains de vos plats cuisinés ?
   Lorsque l'on souhaite réduire s... ”
   Lire la suite

   “ Je consomme beaucoup de légumes surgelés et j’aimerais m’assurer que
   les emballages ne renferment pa... ”
   Lire la suite

   “ Importez-vous des produits du Japon et quelles sont les conséquences
   sanitaires suite à l’incident d... ”
   Lire la suite

   “ J’ai entendu dire que Picard éditait un catalogue en braille pour les
   non-voyants. Qu’en est-il et o... ”
   Lire la suite

   “ Depuis quelques mois vous me livrez à domicile et j’aimerais savoir
   quelle est la quantité maximale ... ”
   Lire la suite

   “ Est-il possible de laver la glacière en coton équitable en machine à
   laver ? ”
   Lire la suite

   “ Je souhaiterais savoir si la teneur en pesticides des fruits et
   légumes que vous vendez est systémat... ”
   Lire la suite

   “ Pouvez-vous me confirmer que des poissons conservés plusieurs mois à
   l’état surgelé ne perdent pas l... ”
   Lire la suite

   “ Pouvez-vous me préciser ce que garantit le « LABEL ROUGE » sur vos
   brochettes de crevettes ? ”
   Lire la suite

   “ Plusieurs distributeurs ont pris la décision de ne plus
   commercialiser certaines espèces de poissons... ”
   Lire la suite

   “ Les mini-brochettes de poulet au miel et au thym sont excellentes,
   mais, surprise quand je découvre ... ”
   Lire la suite

   “ Pouvez-vous me préciser si les mono et diglycérides d’acides gras
   présents dans certains de vos prod... ”
   Lire la suite

   “ Quelle est la différence entre votre nouvelle gamme « Tout bon, tout
   veggie* » et les autres produit... ”
   Lire la suite

   “ Avez-vous des conseils pour décongeler rapidement des filets de
   poisson ? Est-il possible de les lai... ”
   Lire la suite

   “ Certains de vos produits contiennent de l'huile de palme. Quelle est
   votre politique en la matière ? ”
   Lire la suite

   “ Je souhaite savoir si vous réalisez toujours des tests ADN sur les
   viandes utilisées dans vos plats ... ”
   Lire la suite

   “ Que signifient les étoiles qui figurent à côté des dénominations de
   certaines viandes ? ”
   Lire la suite

   “ Pourquoi vos crevettes nordiques présentent souvent des œufs, alors
   que ce n'est jamais le cas pour ... ”
   Lire la suite

   “ J'achète régulièrement des biftecks hachés. J'aimerais savoir
   pourquoi il est écrit sur l'emballage ... ”
   Lire la suite

   “ Pour vos filets de poisson présentés avec peau, les valeurs
   nutritionnelles affichées sur l'emballag... ”
   Lire la suite

   “ Picard propose-t-il des produits sans gluten ? ”
   Lire la suite

   “ Je suis déçu par vos pavés de loup de mer, je ne retrouve pas les
   qualités du loup (bar) que j’ai l’... ”
   Lire la suite

   “ A l’heure du développement durable, pourquoi aller chercher des
   produits aux antipodes comme l’agnea... ”
   Lire la suite

   “ Pouvez-vous me préciser ce que signifie le logo «100% muscle» qui se
   trouve sur les emballages des s... ”
   Lire la suite

   “ Pourquoi tous vos poissons ne portent-ils pas l'écolabel MSC ? ”
   Lire la suite

   “ Pourquoi certains de vos ingrédients apparaissent en gras dans les
   listes d'ingrédients sur vos emba... ”
   Lire la suite

   “ J'ai remarqué que l'emballage des filets de colin lieu MSC, propose
   des informations sur l"origine e... ”
   Lire la suite

   “ Pourquoi avez-vous changé la recette de la quiche lorraine, qui est
   d'ailleurs plus chère qu'avant ? ”
   Lire la suite

   “ Comment savoir où sont fabriqués vos produits et d'où viennent les
   ingrédients utilisés dans les pré... ”
   Lire la suite

   “ J'ai remarqué que les sachets de julienne de légumes présentent
   souvent des blocs agglomérés et du g... ”
   Lire la suite

   “ Les légumes surgelés ont-ils des qualités nutritionnelles
   équivalentes aux légumes frais ? ”
   Lire la suite

   “ Vous vendez déjà des brochettes toutes prêtes. Avez-vous une offre si
   on souhaite les faire soi-même... ”
   Lire la suite

   “ Est-ce possible d’utiliser vos poissons pour une consommation crue,
   pour confectionner des sushis pa... ”
   Lire la suite

   “ J’aimerais en savoir plus sur vos engagements et vos actions pour le
   climat ? ”
   Lire la suite

   “ J’ai découvert récemment vos pavés de bonite à ventre rayé : vu l...
   ”
   Lire la suite

   “ J'ai remarqué un nouveau label sur vos produits de la mer, que
   signifie ASC ? ”
   Lire la suite

   “ Pourquoi l’emballage des myrtilles bio préconise-t-il de cuire les
   fruits ? N’est-il pas possible de... ”
   Lire la suite

   “ Quelle est la différence entre un produit congelé et un produit
   surgelé ? ”
   Lire la suite

   “ Où s’inscrire au programme de fidélité ? ”
   Lire la suite

   “ Comment trouver la liste d’ingrédient ou les valeurs nutritionnelles
   d’un produit ? ”
   Lire la suite

   “ Comment contacter le service consommateur ? ”
   Lire la suite

   “ Comment trouver le magasin le plus proche de chez moi ? ”
   Lire la suite

   “ Est-il possible de commander des chèques cadeaux Picard ? ”
   Lire la suite

   “ Puis-je payer en ticket restaurant mes achats ? ”
   Lire la suite

   “ Comment ajouter des produits à ma commande ? ”
   Lire la suite

   “ Mon code promo ne fonctionne pas ”
   Lire la suite

   “ Quelle est la date de validité des promotions ? ”
   Lire la suite

   “ Peut-on retirer sa commande en magasin ? ”
   Lire la suite

   “ J’aimerais des précisions sur la mention qui figure sur tous vos
   emballages «ne jamais recongeler un... ”
   Lire la suite

   “ Je suis bloqué sur ma commande, que faire ? ”
   Lire la suite

   “ Quel est le montant minimum pour se faire livrer ? ”
   Lire la suite

   “ Un décret récent impose l’indication de l’origine des viandes dans
   les produits pr&eac... ”
   Lire la suite

   “ Votre mélange de légumes pour potage est très pratique pour élaborer
   rap... ”
   Lire la suite

   “ Récemment, j’ai lu plusieurs articles concernant la dangerosité de
   l’additif dioxyde de titane : pou... ”
   Lire la suite

   “ Je trouve que certains de vos produits ont des emballages superflus,
   ce qui va à l’encontre des préo... ”
   Lire la suite

   “ J’achète régulièrement des Saint-Jacques qui viennent de pays
   éloignés (Chili, Argentine …), mais je... ”
   Lire la suite
   Clicking moves
   Clicking moves Santé & Nutrition

   “ Qui se cache réellement derrière ce que l’on appelle « légumes » ?
   Entre haricots verts, épinards, p... ”
   Lire la suite

   “ Manger cinq fruits et légumes par jour, c’est facile toute l’année.
   Mais pour profiter de leur saveu... ”
   Lire la suite

   “ Les français consomment en moyenne 10 g / jour de sel alors que les
   besoins sont évalués à 3 à 5 g /... ”
   Lire la suite

   “ Rien de tel qu’un grand bol de potage chaud pour se réchauffer et se
   réconforter. Mais saviez-vous q... ”
   Lire la suite

   “ Calorique, grasse, lourde... La pomme de terre n’a pas la vie facile
   avec toutes ces idées reçues ! ... ”
   Lire la suite

   “ Les sulfites : derrière ce nom bien étrange se cache un ingrédient
   que l’on retrouve tous les jours ... ”
   Lire la suite

   Lire la suite

   “ Depuis 35 ans, Picard engage tout son savoir-faire et son exigence
   pour garantir des produits de qua... ”
   Lire la suite

   “ Des poivrons en janvier, du concombre en novembre, c’est possible !
   Avec une gamme de 87 variétés de... ”
   Lire la suite

   “ Une noisette de beurre, un filet d’huile d’olive... Les matières
   grasses sont recommandées pour fair... ”
   Lire la suite

   “ Aujourd’hui, chaque français consomme, par an, 29 kilos de poissons,
   coquillages et crustacés. Soit ... ”
   Lire la suite

   “ « Faible teneur en sucres », « pauvre en sodium », « riche en
   minéraux », « allégé »... Les allégati... ”
   Lire la suite

   “ « Amines = nécessaires à la vie », les vitamines sont des molécules
   indispensables au bon fonctionne... ”
   Lire la suite

   Lire la suite

   “ Voilà plus de 20 ans déjà que Picard nous propose un pain
   croustillant et moelleux à cœur. Avec les ... ”
   Lire la suite

   “ De l’entrée au dessert, Picard vous propose désormais une gamme de
   marques crées pour les régimes sa... ”
   Lire la suite

   “ Les produits de la mer sont la matière première la plus
   commercialisée au monde. Au cours des 50 der... ”
   Lire la suite

   “ Le petit-déjeuner est le repas le plus important de la journée. Il
   évite le coup de fatigue de 11h e... ”
   Lire la suite

   “ Picard a mis en place des processus permettant d’offrir un poisson
   extra-frais, notamment issu d’une... ”
   Lire la suite

   “ La notion d'agriculture biologique n'est pas récente : ses principes
   ont été introduits en France ap... ”
   Lire la suite

   “ Partout en Asie, les légumes ont la part belle. On en profite pour
   découvrir le beau mélange de légu... ”
   Lire la suite

   “ Si le calcium est associé aux produits laitiers, saviez-vous que
   d'autres aliments comme le chou ou ... ”
   Lire la suite

   “ L’Auvergne est une région d’élevage de bovins qui produit une viande
   reconnue pour ses saveurs excep... ”
   Lire la suite

   “ Hautes qualités gustatives et nutritionnelles, grande fraîcheur,
   facilité d’utilisation… les produit... ”
   Lire la suite

   “ La fréquence des allergies alimentaires a doublé en 5 ans. Entre 4 et
   8,5% des enfants de moins de 3... ”
   Lire la suite

   Lire la suite

   “ L’Alaska est une terre du bout du monde. Dans ses eaux pures, on ne
   trouve que du poisson sauvage pê... ”
   Lire la suite

   Lire la suite

   Lire la suite

   “ Les amateurs de poissons crus sont de plus en plus nombreux en
   France. Rien de tel en effet pour ret... ”
   Lire la suite

   “ Comme le petit-déjeuner, le goûter est un repas indispensable à la
   bonne forme et au bien-être des e... ”
   Lire la suite

   “ Un peu de thym, une pincée d’aneth... les herbes aromatiques sont
   aujourd’hui presque automatiques. ... ”
   Lire la suite

   “ Chez Picard, la majorité des ventes de produits de la mer sauvages
   porte le label "Pêche durable MSC... ”
   Lire la suite

   Lire la suite

   Lire la suite

   Lire la suite

   “ Découvrez les engagements Picard en matière de produits labellisés,
   de produits élaborés en France e... ”
   Lire la suite

   “ Chaque année, l’agriculture biologique gagne du terrain avec un
   nombre croissant d’exploitants agric... ”
   Lire la suite

   Lire la suite

   “ Plus de 100 références de produits de la mer chez Picard pour se
   faire plaisir, cultiver chaque jour... ”
   Lire la suite

   “ Sources de nombreux nutriments, les produits de la mer sont
   excellents pour la santé. Tour d’horizon... ”
   Lire la suite

   “ Les falafels sont de délicieuses boulettes libanaises cuisinées à
   base de pois chiches, d’aromates, ... ”
   Lire la suite

   “ Cette petite prune ronde à la robe jaune intense arrive à maturité à
   la fin de l’été. Aussi délicieu... ”
   Lire la suite

   “ Avec la gamme + d’équilibre, Picard propose des plats équilibrés qui
   ne transigent pas avec le plais... ”
   Lire la suite

   “ Quel est le secret de la fraîcheur et de la finesse des Saint-Jacques
   françaises de Picard ? Sélecti... ”
   Lire la suite

   “ Avocat, edamame, myrtilles, lentilles, brocolis... Découvrez tous les
   bienfaits de ces savoureux pro... ”
   Lire la suite

   “ Margot est une jeune femme pétillante qui prend la vie côté healthy*
   et la partage généreusement via... ”
   Lire la suite

   “ Picard a mis le cap sur le régime végétarien depuis plusieurs années
   afin d’accompagner les choix al... ”
   Lire la suite

   Lire la suite
   Clicking moves
     * Produits
     * C'est nouveau
     * Prix réduits
     * En cuisine
     * Les légumes
     * Les fruits
     * Les viandes & volailles
     * Les poissons & crustacés
     * Les indispensables du cuisinier
     * À table !
     * Les apéritifs
     * Les entrées, tartes et salades
     * Les plats cuisinés
     * Cuisine évasion
     * Les pains & viennoiseries
     * Les pâtisseries
     * Les glaces & sorbets
     * L'épicerie
     * Des assiettes à part
     * Les jours trop bons
     * Soupes et potages
     * Tout à moins de 3 €
     * Le bio & produits labellisés
     * Les régimes alimentaires

     * Idées à cuisiner
     * Les apéritifs
     * Les entrées
     * Les plats
     * Les desserts
     * La recette du mois
     * L'inspiration Minute
     * Qualité & Savoir-faire
     * Les actualités
     * Tendance et Innovation
     * Santé et Nutrition
     * Conservation et Cuisson
     * Nos Partenaires
     * Picard vous répond
     * Les webdocs

   Magasins
   Retrouvez-nous sur
     * Facebook
     * Twitter
     * Youtube
     * Pinterest
     * Instagram

   Contactez-nous au 0 820 16 00 39 Du lundi au samedi de 8h à 19h.
     * Picard Entreprise
     * Qui sommes nous
     * Les valeurs Picard
     * Picard à votre service
     * Picard en chiffres
     * Travailler chez Picard
     * Recrutement
     * Informations financières / Financial Information
     * Espace Presse

   Rejoignez-nous !
     * Travailler chez Picard
     * Consulter les offres
     * Devenir franchisé Picard

     * Livraison à domicile
       Du lundi au samedi,
       de 7h à  21h selon localités.
     * Recettes & astuces
       Plus de 1500 fiches
       pratiques.
     * Le plus grand choix
       Tous les produits Picard :
       grands classiques et dernières nouveautés.

     * carte bleue
     * Visa
     * Master Card
     * American Express

     * FAQ
     * Guide de navigation
     * Plan du site
     * Contact
     * CGV et CGU du site
     * Conditions du programme picard et moi
     * Données personnelles et cookies

   tarif TTC valable du 16/09/2019 au 20/10/2019 dans nos magasins et en
   livraison à domicile (pour Paris, région parisienne et la plupart des
   grandes villes)
   RichNav Démarer la vidéo Creneaux
   IFRAME: //www.googletagmanager.com/ns.html?id=GTM-WLRN96

   Livraison de surgelés à domicile Picard

Posez votre question*Champs obligatoires

   Vous souhaitez obtenir un renseignement, un complément d'information
   Écrivez-nous tout de suite et nous vous répondons dans les meilleurs
   délais.

   Objet :*
     * Choisir
     * Programme Picard et Moi
     * Demande de catalogue
     * Gestion de compte société
     * Livrez-vous ma localité ?
     * Question sur l'application mobile
     * Question sur le site WEB
     * Réclamation produit
          + - Livraison à domicile
          + - Magasin
     * Réclamation commerciale
          + - Livraison à domicile
          + - Magasin
     * Renseignement magasin
     * Renseignement produit
     * Suivi de commande et livraison
     * Divers
          + - Livraison à domicile
          + - Magasin

   Veuillez sélectionner l'objet de votre demande dans la liste déroulante

   Civilité :* [Monsieur]

   Nom :* ____________________
   Prénom :* ____________________

   E-mail :* ____________________

   Adresse :* ____________________

   Ville :* ____________________

   Code postal :* ____________________

   Magasin :* ____________________

   Code article :* ____________________

   Libellé article :* ____________________

   Société :* ____________________

   Contact :* ____________________

   Numéro de commande :* ____________________

   Numéro de lot :* ____________________

   Question :*
   ____________________________________________________________
   ____________________________________________________________
   ____________________________________________________________
   ____________________________________________________________

   Champ libre :*
   ____________________________________________________________
   ____________________________________________________________
   ____________________________________________________________
   ____________________________________________________________

   (send) Envoyer
   Votre demande a bien été envoyée

   Vos données à caractère personnel font l’objet d’un traitement mis en
   œuvre par la société PICARD SURGELES selon les modalités définies dans
   notre politique de données personnelles. Elles sont traitées sur la
   base de votre consentement afin de répondre à vos questions.

   Seuls ont accès aux données, dans la limite de leurs attributions
   respectives, (i) les services de la société PICARD SURGELES et (ii) les
   prestataires habilités à traiter vos données uniquement pour le compte
   de la société PICARD SURGELES.

   Les données à fournir de manière obligatoire sont indiquées comme
   telles sur le formulaire. Sans ces données, notre société ne sera pas
   en mesure de satisfaire votre demande.

   Conformément à la loi Informatique et libertés du 6 janvier 1978
   modifiée et au règlement européen général sur la protection des données
   à caractère personnel (UE) 2016/679 du 27 avril 2016, vous disposez
   d’un droit d’accès et d’un droit de rectification des données vous
   concernant et, s’ils sont applicables, d’un droit de suppression, d’un
   droit d’opposition au traitement de vos données, d’un droit à
   l’effacement et à la limitation du traitement ainsi que d’un droit à la
   portabilité de vos données. Vous disposez également du droit de définir
   des directives relatives au sort de vos données après votre décès. Vous
   pouvez exercer vos droits, à tout moment, en effectuant une demande
   écrite accompagnée d’un justificatif d’identité par voie électronique à
   l’adresse cnil@picard.fr ou par courrier postal adressé au Service
   Information Consommateur CS 30038 77797 Nemours. A tout moment vous
   pouvez gérer vos abonnements aux services proposés dans la rubrique
   « Mon Compte » sur picard.fr et dans l’application mobile. Vous
   disposez enfin du droit d’introduire une réclamation auprès de la
   Commission nationale de l’informatique et des libertés (Cnil).
   Vos données sont conservées pendant une durée de trois ans à compter de
   leur collecte ou du dernier contact. Les données permettant d'établir
   la preuve d'un droit ou d'un contrat, ou conservées au titre du respect
   d'une obligation légale sont archivées conformément aux dispositions en
   vigueur.




   Lorsque vous naviguez sur notre site internet, des informations sont
   susceptibles d'être enregistrées, ou lues, dans votre terminal, sous
   réserve de vos choix.

   Acceptez-vous le dépôt et la lecture de cookies afin que nous et nos
   partenaires puissions analyser vos centres d'intérêts pour vous
   proposer des publicités personnalisées ?* ( ) Oui ( ) Non

   Acceptez-vous le dépôt et la lecture de cookies afin que nous et nos
   partenaires puissions analyser vos centres d'intérêts pour vous
   proposer des publicités personnalisées ?* ( ) Oui ( ) Non

   Acceptez-vous le dépôt et/ou la lecture de cookies pour vous permettre
   de partager des contenus de notre site avec d'autres personnes ou de
   faire connaître à ces autres personnes votre consultation ou votre
   opinion  (boutons "J'aime" de Facebook par exemple) :* (*) Oui ( ) Non


   Livraison de surgelés à domicile Picard

   Livraison à domicile du Lundi au Samedi de 7h à 21h selon localités.
     * Contactez-nous
     * Appli iPhone et Android

   Vos courses et des idées gourmandes en quelques clics

   Picard&Moi Votre programme de fidélité
   Mon compte
   Rechercher un produi Submit

     *
     * Produits
     * Idées à cuisiner
     * Qualité & savoir-faire
     * Magasins
     * Mon compte
     *
     *
     *

   Vous n'avez pas sélectionné de produit Besoin d'aide ?
   Vous n'avez pas sélectionné de produit Besoin d'aide ?
     *
     *

     * Les rayons
     * Tout afficher

     * En cuisine
     *   Les légumes
     *   Les fruits
     *   Les viandes & volailles
     *   Les poissons & crustacés
     *   Les indispensables du cuisinier

     * À table !
     *   Les apéritifs
     *   Les entrées, tartes et salades
     *   Les plats cuisinés
     *   Cuisine évasion
     *   Les pains & viennoiseries
     *   Les pâtisseries
     *   Les glaces & sorbets
     *   L'épicerie

     * Des assiettes à part
     *   Les jours trop bons
     *   C'est nouveau
     *   Prix réduits
     *   Soupes et potages
     *   Tout à moins de 3 €
     *   Le bio & produits labellisés
     *   Les régimes alimentaires

   Nouveau Tout afficher

   Pizza wrap à la mozzarella et au jambon... la boîte de 150 g 16.66 €/kg
   Pizza wrap à la mozzarella et au jambon cuit
   1.87 €
   Ajouter à ma liste
   [Choisir une liste]
   Fermer
   ____________________ [BUTTON Input] (not implemented)__
   Fermer
   (Ajouter au panier) Ajouter au panier
   Qté ____________________ Plus Moins
   Prix réduits Tout afficher

   Lasagnes aux légumes grillés et à la... la boîte de 900 g 3.88 €/kg
   Lasagnes aux légumes grillés et à la mozzarella
   3.50 € 3.95 €
   Ajouter à ma liste
   [Choisir une liste]
   Fermer
   ____________________ [BUTTON Input] (not implemented)__
   Fermer
   (Ajouter au panier) Ajouter au panier
   Qté ____________________ Plus Moins
   Fermer
   Découvrez les recettes, les suggestions et les menus pour trouver des
   idées pour chaque plat.
   Idées à cuisiner Tout afficher
     * Les recettes
     * Toutes les recettes

   Les apéritifs Les apéritifs
   Les entrées Les entrées
   Les plats Les plats
   Les desserts Les desserts
     * Les suggestions

   La recette du mois
   La recette du mois

   Velouté de fèves à la menthe
   Découvrir
   L’inspiration Minute
   Fermer
   Les actualités Tout afficher

   La mirabelle de Lorraine : Cette petite prune ronde à la robe jaune
   intense arrive à maturité à la fin de l’été. Aussi délicieuse cuite
   q...
   Lire la suite
   La mirabelle de Lorraine

   La RSE chez Picard : bilan de notre engagement : Picard, un acteur
   engagé en matière de Responsabilité sociale et environnementale....
   Lire la suite
   La RSE chez Picard : bilan de notre engagement
   Picard vous répond
   Qualité et savoir-faire

   Qualité & Savoir-Faire

   Découvrez tous les sujets qui
   nourrissent l'alimentation,
   et nos réponses : petits secrets et grandes vérités au menu.
   Parcourir
     * Tendance et Innovation
       Tendance et Innovation
     * Santé et Nutrition
       Santé et Nutrition
     * Conservation et Cuisson
       Conservation et Cuisson
     * Nos Partenaires
       Nos Partenaires
     * Les webdocs Les webdocs

   Fermer
     * Mon compte
     * Fermer

     * accéder à mon compte
     * Mes paramètres
          + Mes informations personnelles
          + Mes abonnements
          + Mes adresses
          + Mes magasins Picard
          + Mes préférences
     * Mes commandes
          + Consulter mes commandes
     * Mes Favoris
          + Mes recettes
          + Mes listes de courses
          + Mes critères de recherche

   Se déconnecter
   Accueil    /
   Tous les rayons    /
   Tout à moins de 3 €
   Tout à moins de 3 € surgelé
     * Tout à moins de 3 €
     * Changer de rayon
          +  C'est nouveau
          +  Prix réduits
          +  Les légumes
          +  Les fruits
          +  Les viandes & volailles
          +  Les poissons & crustacés
          +  Les indispensables du cuisinier
          +  Les apéritifs
          +  Les entrées, tartes et salades
          +  Les plats cuisinés
          +  Cuisine évasion
          +  Les pains & viennoiseries
          +  Les pâtisseries
          +  Les glaces & sorbets
          +  L'épicerie
          +  Les jours trop bons
          +  Soupes et potages
          +  Tout à moins de 3 €
          +  Le bio & produits labellisés
          +  Les régimes alimentaires

Tout à moins de 3 €

   Découvrez plus de 400 produits à moins de 3 €, pour que chaque repas
   pris en famille, en solo, au saut du lit ou encore entre amis, soit un
   moment savoureux et équilibré. Fidèle à ses engagements, Picard vous
   propose un vaste choix de goûts et de saveurs pour varier les plaisirs
   tout au long de l'année.
   Trouver un produit Tomate, carpaccio, v Submit
   Recherche affinée Utilisez les critères pour trouver le produit de vos
   envies.
   [Mes critèress]
     * Afficher tous les produits
     * Afficher les suggestions du mois

   A table !
     * Les apéritifs
     * Les entrées et tartes
     * Les plats cuisinés
     * La cuisine évasion
     * Les pains et viennoiseries
     * Les pâtisseries
     * Les glaces et sorbets
     * L'épicerie

     *   Les entrées et tartes

   Enregistrer ces critères

   [Nouveau]

   (BUTTON) OK Fermer
   Votre Critère a bien été créé
   Critère mis à jour
   Ce nom de critère existe déjà
   ____________________ (save_criteria) OK Fermer
   26 produits
     *
     *

   Trier par [Pertinence_________]

   -25% de remise Pizza wrap à la mozzarella et au jambon... la boîte de
   150 g 16.66 €/kg
   Pizza wrap à la mozzarella et au jambon cuit
   Ajouter à ma liste
   [Choisir une liste]
   Fermer
   ____________________ [BUTTON Input] (not implemented)__
   Fermer
   (Ajouter au panier) Ajouter au panier
   Qté ____________________ Plus Moins
   ª  1.87 € 2.50 €
   2 tartes aux fromages la boîte de 360 g 8.19 €/kg
   2 tartes aux fromages
   Ajouter à ma liste
   [Choisir une liste]
   Fermer
   ____________________ [BUTTON Input] (not implemented)__
   Fermer
   (Ajouter au panier) Ajouter au panier
   Qté ____________________ Plus Moins
   ª  2.95 €
   Tarte fine jambon tomates cerise la boîte de 295 g 10.00 €/kg
   Tarte fine jambon tomates cerise
   Ajouter à ma liste
   [Choisir une liste]
   Fermer
   ____________________ [BUTTON Input] (not implemented)__
   Fermer
   (Ajouter au panier) Ajouter au panier
   Qté ____________________ Plus Moins
   ª  2.95 €
   2 flammekueche la boîte de 240 g 10.41 €/kg
   2 flammekueche
   Ajouter à ma liste
   [Choisir une liste]
   Fermer
   ____________________ [BUTTON Input] (not implemented)__
   Fermer
   (Ajouter au panier) Ajouter au panier
   Qté ____________________ Plus Moins
   ª  2.50 €
   2 tartes aux poireaux la boîte de 360 g 7.77 €/kg
   2 tartes aux poireaux
   Ajouter à ma liste
   [Choisir une liste]
   Fermer
   ____________________ [BUTTON Input] (not implemented)__
   Fermer
   (Ajouter au panier) Ajouter au panier
   Qté ____________________ Plus Moins
   ª  2.80 €
   Tarte fine champignons gorgonzola la boîte de 290 g 10.17 €/kg
   Tarte fine champignons gorgonzola
   Ajouter à ma liste
   [Choisir une liste]
   Fermer
   ____________________ [BUTTON Input] (not implemented)__
   Fermer
   (Ajouter au panier) Ajouter au panier
   Qté ____________________ Plus Moins
   ª  2.95 €
   Pizza aux 4 fromages la boîte de 200 g 10.75 €/kg
   Pizza aux 4 fromages
   Ajouter à ma liste
   [Choisir une liste]
   Fermer
   ____________________ [BUTTON Input] (not implemented)__
   Fermer
   (Ajouter au panier) Ajouter au panier
   Qté ____________________ Plus Moins
   ª  2.15 €
   C'est nouveau 2 soufflés à l'emmental la boîte de 200 g 14.75 €/kg
   [icon_nouveaute.png]
   2 soufflés à l'emmental
   Ajouter à ma liste
   [Choisir une liste]
   Fermer
   ____________________ [BUTTON Input] (not implemented)__
   Fermer
   (Ajouter au panier) Ajouter au panier
   Qté ____________________ Plus Moins
   ª  2.95 €
   - 30% avec la carte 1 galette mozzarella tomate basilic bio la boîte de
   150 g 19.00 €/kg
   [bandeau-picard-et-moi-2lignes.png]
   1 galette mozzarella tomate basilic bio
   Ajouter à ma liste
   [Choisir une liste]
   Fermer
   ____________________ [BUTTON Input] (not implemented)__
   Fermer
   (Ajouter au panier) Ajouter au panier
   Qté ____________________ Plus Moins
   ª  2.85 €
   Tartelette poireaux, champignons de... la boîte de 180 g 13.88 €/kg
   Tartelette poireaux, champignons de Paris
   Ajouter à ma liste
   [Choisir une liste]
   Fermer
   ____________________ [BUTTON Input] (not implemented)__
   Fermer
   (Ajouter au panier) Ajouter au panier
   Qté ____________________ Plus Moins
   ª  2.50 €
   10 crêpes emmental la boîte de 500 g 4.40 €/kg
   10 crêpes emmental
   Ajouter à ma liste
   [Choisir une liste]
   Fermer
   ____________________ [BUTTON Input] (not implemented)__
   Fermer
   (Ajouter au panier) Ajouter au panier
   Qté ____________________ Plus Moins
   ª  2.20 €
   2 mini-calzones tomate mozzarella Italia le sachet de 280 g 10.53 €/kg
   2 mini-calzones tomate mozzarella Italia
   Ajouter à ma liste
   [Choisir une liste]
   Fermer
   ____________________ [BUTTON Input] (not implemented)__
   Fermer
   (Ajouter au panier) Ajouter au panier
   Qté ____________________ Plus Moins
   ª  2.95 €
   2 roulés à l'emmental la boîte de 240 g 12.29 €/kg
   2 roulés à l'emmental
   Ajouter à ma liste
   [Choisir une liste]
   Fermer
   ____________________ [BUTTON Input] (not implemented)__
   Fermer
   (Ajouter au panier) Ajouter au panier
   Qté ____________________ Plus Moins
   ª  2.95 €
   Focaccia légumes du soleil la boîte de 170 g 17.35 €/kg
   Focaccia légumes du soleil
   Ajouter à ma liste
   [Choisir une liste]
   Fermer
   ____________________ [BUTTON Input] (not implemented)__
   Fermer
   (Ajouter au panier) Ajouter au panier
   Qté ____________________ Plus Moins
   ª  2.95 €
   -5% supp avec la carte Flammekueche la boîte de 260 g 9.61 €/kg
   Flammekueche
   Ajouter à ma liste
   [Choisir une liste]
   Fermer
   ____________________ [BUTTON Input] (not implemented)__
   Fermer
   (Ajouter au panier) Ajouter au panier
   Qté ____________________ Plus Moins
   ª  2.50 € 2.75€
   Croque-monsieur au chèvre la boîte de 170 g 15.29 €/kg
   Croque-monsieur au chèvre
   Ajouter à ma liste
   [Choisir une liste]
   Fermer
   ____________________ [BUTTON Input] (not implemented)__
   Fermer
   (Ajouter au panier) Ajouter au panier
   Qté ____________________ Plus Moins
   ª  2.60 €
   2 mini-calzones jambon mozzarella Italia le sachet de 300 g 9.83 €/kg
   2 mini-calzones jambon mozzarella Italia
   Ajouter à ma liste
   [Choisir une liste]
   Fermer
   ____________________ [BUTTON Input] (not implemented)__
   Fermer
   (Ajouter au panier) Ajouter au panier
   Qté ____________________ Plus Moins
   ª  2.95 €
   10 crêpes champignon la boîte de 500 g 4.40 €/kg
   10 crêpes champignon
   Ajouter à ma liste
   [Choisir une liste]
   Fermer
   ____________________ [BUTTON Input] (not implemented)__
   Fermer
   (Ajouter au panier) Ajouter au panier
   Qté ____________________ Plus Moins
   ª  2.20 €
   10 crêpes jambon-emmental la boîte de 500 g 4.40 €/kg
   10 crêpes jambon-emmental
   Ajouter à ma liste
   [Choisir une liste]
   Fermer
   ____________________ [BUTTON Input] (not implemented)__
   Fermer
   (Ajouter au panier) Ajouter au panier
   Qté ____________________ Plus Moins
   ª  2.20 €
   Salade taboulé menthe- grenade-amande le bol de 150 g 13.33 €/kg
   Salade taboulé menthe- grenade-amande
   Ajouter à ma liste
   [Choisir une liste]
   Fermer
   ____________________ [BUTTON Input] (not implemented)__
   Fermer
   (Ajouter au panier) Ajouter au panier
   Qté ____________________ Plus Moins
   ª  2.00 €
   9 petites pizzas 3 fromages la boîte de 270 g 10.92 €/kg
   9 petites pizzas 3 fromages
   Ajouter à ma liste
   [Choisir une liste]
   Fermer
   ____________________ [BUTTON Input] (not implemented)__
   Fermer
   (Ajouter au panier) Ajouter au panier
   Qté ____________________ Plus Moins
   ª  2.95 €
   Tarte fine courgettes fromage de... la boîte de 290 g 10.17 €/kg
   Tarte fine courgettes fromage de chèvre, crue
   Ajouter à ma liste
   [Choisir une liste]
   Fermer
   ____________________ [BUTTON Input] (not implemented)__
   Fermer
   (Ajouter au panier) Ajouter au panier
   Qté ____________________ Plus Moins
   ª  2.95 €
   Pizza Royale la boîte de 200 g 10.75 €/kg
   Pizza Royale
   Ajouter à ma liste
   [Choisir une liste]
   Fermer
   ____________________ [BUTTON Input] (not implemented)__
   Fermer
   (Ajouter au panier) Ajouter au panier
   Qté ____________________ Plus Moins
   ª  2.15 €
   Salade boulghour-chèvre- chou kale-... le bol de 150 g 13.33 €/kg
   Salade boulghour-chèvre- chou kale- cranberrie
   Ajouter à ma liste
   [Choisir une liste]
   Fermer
   ____________________ [BUTTON Input] (not implemented)__
   Fermer
   (Ajouter au panier) Ajouter au panier
   Qté ____________________ Plus Moins
   ª  2.00 €
   Pizza Régina, jambon, champignon,... la boîte de 400 g 7.37 €/kg
   Pizza Régina, jambon, champignon, fromage
   Ajouter à ma liste
   [Choisir une liste]
   Fermer
   ____________________ [BUTTON Input] (not implemented)__
   Fermer
   (Ajouter au panier) Ajouter au panier
   Qté ____________________ Plus Moins
   ª  2.95 €
   Tarte aux poireaux la boîte de 400 g 6.87 €/kg
   Tarte aux poireaux
   Ajouter à ma liste
   [Choisir une liste]
   Fermer
   ____________________ [BUTTON Input] (not implemented)__
   Fermer
   (Ajouter au panier) Ajouter au panier
   Qté ____________________ Plus Moins
   ª  2.75 €
   Haut de page
     *
     *

   Trier par [Pertinence_________]

   Clicking moves Picard vous répond

   “ Je viens de regarder un reportage TV qui concernait les "acides gras
   trans", c'est-à-dire hydrogénés... ”
   Lire la suite

   “ Pourriez-vous me confirmer que les informations nutritionnelles
   mentionnées sur vos emballages s’ent... ”
   Lire la suite

   “ Colin d’Alaska, colin lieu, quelles sont les différences ? ”
   Lire la suite

   “ A quoi correspondent exactement les pourcentages des « AJR » qui sont
   indiqués dans certains tableau... ”
   Lire la suite

   “ Picard propose de nombreux plats exotiques. Leur fabrication est-elle
   effectuée en France ? Certains... ”
   Lire la suite

   “ Quelle est la différence entre les mentions "production française" et
   "produit élaboré en France" ”
   Lire la suite

   “ L’emballage des produits BIO comporte 2 types d'informations sur
   l'origine avec une mention « Agric... ”
   Lire la suite

   “ Trouve-t-on des ajouts de conservateurs tels que les sulfites dans
   vos produits ? ”
   Lire la suite

   “ Je trouve le prix de vos filets de sole mer du Nord très élevé en
   comparaison avec les soles fraîche... ”
   Lire la suite

   “ Après cuisson des lobes de foie gras, je constate quelquefois une
   proportion de graisse importante. ... ”
   Lire la suite

   “ Pourquoi y a-t-il de la gélatine de porc dans certains de vos
   desserts glacés ? Est-ce vraiment néce... ”
   Lire la suite

   “ J’aimerais avoir la liste des herbes et aromates qui sont irradiés,
   car sur aucun de vos emballages ... ”
   Lire la suite

   “ Comment puis-je distinguer les poissons d'élevage des poissons
   sauvages parmi les espèces disponible... ”
   Lire la suite

   “ J'ai découvert récemment un nouveau logo pour la viande bovine
   Française. A quoi correspond ce logo ... ”
   Lire la suite

   “ Pourquoi certaines langoustines ont-elles des têtes vertes ? ”
   Lire la suite

   “ Pourquoi vos noix de Saint-Jacques ont-elles quelquefois très peu de
   corail ? Cela nuit à la présent... ”
   Lire la suite

   “ Comment puis-je m’assurer que le thon de couleur rouge que vous
   commercialisez en découpes ou dans l... ”
   Lire la suite

   “ Pourquoi ne trouve-t-on pas de « gambas » dans votre gamme ? Quelle
   est la différence avec des creve... ”
   Lire la suite

   “ Pourquoi ajoutez-vous du sucre dans certains de vos plats cuisinés ?
   Lorsque l'on souhaite réduire s... ”
   Lire la suite

   “ Je consomme beaucoup de légumes surgelés et j’aimerais m’assurer que
   les emballages ne renferment pa... ”
   Lire la suite

   “ Importez-vous des produits du Japon et quelles sont les conséquences
   sanitaires suite à l’incident d... ”
   Lire la suite

   “ J’ai entendu dire que Picard éditait un catalogue en braille pour les
   non-voyants. Qu’en est-il et o... ”
   Lire la suite

   “ Depuis quelques mois vous me livrez à domicile et j’aimerais savoir
   quelle est la quantité maximale ... ”
   Lire la suite

   “ Est-il possible de laver la glacière en coton équitable en machine à
   laver ? ”
   Lire la suite

   “ Je souhaiterais savoir si la teneur en pesticides des fruits et
   légumes que vous vendez est systémat... ”
   Lire la suite

   “ Pouvez-vous me confirmer que des poissons conservés plusieurs mois à
   l’état surgelé ne perdent pas l... ”
   Lire la suite

   “ Pouvez-vous me préciser ce que garantit le « LABEL ROUGE » sur vos
   brochettes de crevettes ? ”
   Lire la suite

   “ Plusieurs distributeurs ont pris la décision de ne plus
   commercialiser certaines espèces de poissons... ”
   Lire la suite

   “ Les mini-brochettes de poulet au miel et au thym sont excellentes,
   mais, surprise quand je découvre ... ”
   Lire la suite

   “ Pouvez-vous me préciser si les mono et diglycérides d’acides gras
   présents dans certains de vos prod... ”
   Lire la suite

   “ Quelle est la différence entre votre nouvelle gamme « Tout bon, tout
   veggie* » et les autres produit... ”
   Lire la suite

   “ Avez-vous des conseils pour décongeler rapidement des filets de
   poisson ? Est-il possible de les lai... ”
   Lire la suite

   “ Certains de vos produits contiennent de l'huile de palme. Quelle est
   votre politique en la matière ? ”
   Lire la suite

   “ Je souhaite savoir si vous réalisez toujours des tests ADN sur les
   viandes utilisées dans vos plats ... ”
   Lire la suite

   “ Que signifient les étoiles qui figurent à côté des dénominations de
   certaines viandes ? ”
   Lire la suite

   “ Pourquoi vos crevettes nordiques présentent souvent des œufs, alors
   que ce n'est jamais le cas pour ... ”
   Lire la suite

   “ J'achète régulièrement des biftecks hachés. J'aimerais savoir
   pourquoi il est écrit sur l'emballage ... ”
   Lire la suite

   “ Pour vos filets de poisson présentés avec peau, les valeurs
   nutritionnelles affichées sur l'emballag... ”
   Lire la suite

   “ Picard propose-t-il des produits sans gluten ? ”
   Lire la suite

   “ Je suis déçu par vos pavés de loup de mer, je ne retrouve pas les
   qualités du loup (bar) que j’ai l’... ”
   Lire la suite

   “ A l’heure du développement durable, pourquoi aller chercher des
   produits aux antipodes comme l’agnea... ”
   Lire la suite

   “ Pouvez-vous me préciser ce que signifie le logo «100% muscle» qui se
   trouve sur les emballages des s... ”
   Lire la suite

   “ Pourquoi tous vos poissons ne portent-ils pas l'écolabel MSC ? ”
   Lire la suite

   “ Pourquoi certains de vos ingrédients apparaissent en gras dans les
   listes d'ingrédients sur vos emba... ”
   Lire la suite

   “ J'ai remarqué que l'emballage des filets de colin lieu MSC, propose
   des informations sur l"origine e... ”
   Lire la suite

   “ Pourquoi avez-vous changé la recette de la quiche lorraine, qui est
   d'ailleurs plus chère qu'avant ? ”
   Lire la suite

   “ Comment savoir où sont fabriqués vos produits et d'où viennent les
   ingrédients utilisés dans les pré... ”
   Lire la suite

   “ J'ai remarqué que les sachets de julienne de légumes présentent
   souvent des blocs agglomérés et du g... ”
   Lire la suite

   “ Les légumes surgelés ont-ils des qualités nutritionnelles
   équivalentes aux légumes frais ? ”
   Lire la suite

   “ Vous vendez déjà des brochettes toutes prêtes. Avez-vous une offre si
   on souhaite les faire soi-même... ”
   Lire la suite

   “ Est-ce possible d’utiliser vos poissons pour une consommation crue,
   pour confectionner des sushis pa... ”
   Lire la suite

   “ J’aimerais en savoir plus sur vos engagements et vos actions pour le
   climat ? ”
   Lire la suite

   “ J’ai découvert récemment vos pavés de bonite à ventre rayé : vu l...
   ”
   Lire la suite

   “ J'ai remarqué un nouveau label sur vos produits de la mer, que
   signifie ASC ? ”
   Lire la suite

   “ Pourquoi l’emballage des myrtilles bio préconise-t-il de cuire les
   fruits ? N’est-il pas possible de... ”
   Lire la suite

   “ Quelle est la différence entre un produit congelé et un produit
   surgelé ? ”
   Lire la suite

   “ Où s’inscrire au programme de fidélité ? ”
   Lire la suite

   “ Comment trouver la liste d’ingrédient ou les valeurs nutritionnelles
   d’un produit ? ”
   Lire la suite

   “ Comment contacter le service consommateur ? ”
   Lire la suite

   “ Comment trouver le magasin le plus proche de chez moi ? ”
   Lire la suite

   “ Est-il possible de commander des chèques cadeaux Picard ? ”
   Lire la suite

   “ Puis-je payer en ticket restaurant mes achats ? ”
   Lire la suite

   “ Comment ajouter des produits à ma commande ? ”
   Lire la suite

   “ Mon code promo ne fonctionne pas ”
   Lire la suite

   “ Quelle est la date de validité des promotions ? ”
   Lire la suite

   “ Peut-on retirer sa commande en magasin ? ”
   Lire la suite

   “ J’aimerais des précisions sur la mention qui figure sur tous vos
   emballages «ne jamais recongeler un... ”
   Lire la suite

   “ Je suis bloqué sur ma commande, que faire ? ”
   Lire la suite

   “ Quel est le montant minimum pour se faire livrer ? ”
   Lire la suite

   “ Un décret récent impose l’indication de l’origine des viandes dans
   les produits pr&eac... ”
   Lire la suite

   “ Votre mélange de légumes pour potage est très pratique pour élaborer
   rap... ”
   Lire la suite

   “ Récemment, j’ai lu plusieurs articles concernant la dangerosité de
   l’additif dioxyde de titane : pou... ”
   Lire la suite

   “ Je trouve que certains de vos produits ont des emballages superflus,
   ce qui va à l’encontre des préo... ”
   Lire la suite

   “ J’achète régulièrement des Saint-Jacques qui viennent de pays
   éloignés (Chili, Argentine …), mais je... ”
   Lire la suite
   Clicking moves
   Clicking moves Santé & Nutrition

   “ Qui se cache réellement derrière ce que l’on appelle « légumes » ?
   Entre haricots verts, épinards, p... ”
   Lire la suite

   “ Manger cinq fruits et légumes par jour, c’est facile toute l’année.
   Mais pour profiter de leur saveu... ”
   Lire la suite

   “ Les français consomment en moyenne 10 g / jour de sel alors que les
   besoins sont évalués à 3 à 5 g /... ”
   Lire la suite

   “ Rien de tel qu’un grand bol de potage chaud pour se réchauffer et se
   réconforter. Mais saviez-vous q... ”
   Lire la suite

   “ Calorique, grasse, lourde... La pomme de terre n’a pas la vie facile
   avec toutes ces idées reçues ! ... ”
   Lire la suite

   “ Les sulfites : derrière ce nom bien étrange se cache un ingrédient
   que l’on retrouve tous les jours ... ”
   Lire la suite

   Lire la suite

   “ Depuis 35 ans, Picard engage tout son savoir-faire et son exigence
   pour garantir des produits de qua... ”
   Lire la suite

   “ Des poivrons en janvier, du concombre en novembre, c’est possible !
   Avec une gamme de 87 variétés de... ”
   Lire la suite

   “ Une noisette de beurre, un filet d’huile d’olive... Les matières
   grasses sont recommandées pour fair... ”
   Lire la suite

   “ Aujourd’hui, chaque français consomme, par an, 29 kilos de poissons,
   coquillages et crustacés. Soit ... ”
   Lire la suite

   “ « Faible teneur en sucres », « pauvre en sodium », « riche en
   minéraux », « allégé »... Les allégati... ”
   Lire la suite

   “ « Amines = nécessaires à la vie », les vitamines sont des molécules
   indispensables au bon fonctionne... ”
   Lire la suite

   Lire la suite

   “ Voilà plus de 20 ans déjà que Picard nous propose un pain
   croustillant et moelleux à cœur. Avec les ... ”
   Lire la suite

   “ De l’entrée au dessert, Picard vous propose désormais une gamme de
   marques crées pour les régimes sa... ”
   Lire la suite

   “ Les produits de la mer sont la matière première la plus
   commercialisée au monde. Au cours des 50 der... ”
   Lire la suite

   “ Le petit-déjeuner est le repas le plus important de la journée. Il
   évite le coup de fatigue de 11h e... ”
   Lire la suite

   “ Picard a mis en place des processus permettant d’offrir un poisson
   extra-frais, notamment issu d’une... ”
   Lire la suite

   “ La notion d'agriculture biologique n'est pas récente : ses principes
   ont été introduits en France ap... ”
   Lire la suite

   “ Partout en Asie, les légumes ont la part belle. On en profite pour
   découvrir le beau mélange de légu... ”
   Lire la suite

   “ Si le calcium est associé aux produits laitiers, saviez-vous que
   d'autres aliments comme le chou ou ... ”
   Lire la suite

   “ L’Auvergne est une région d’élevage de bovins qui produit une viande
   reconnue pour ses saveurs excep... ”
   Lire la suite

   “ Hautes qualités gustatives et nutritionnelles, grande fraîcheur,
   facilité d’utilisation… les produit... ”
   Lire la suite

   “ La fréquence des allergies alimentaires a doublé en 5 ans. Entre 4 et
   8,5% des enfants de moins de 3... ”
   Lire la suite

   Lire la suite

   “ L’Alaska est une terre du bout du monde. Dans ses eaux pures, on ne
   trouve que du poisson sauvage pê... ”
   Lire la suite

   Lire la suite

   Lire la suite

   “ Les amateurs de poissons crus sont de plus en plus nombreux en
   France. Rien de tel en effet pour ret... ”
   Lire la suite

   “ Comme le petit-déjeuner, le goûter est un repas indispensable à la
   bonne forme et au bien-être des e... ”
   Lire la suite

   “ Un peu de thym, une pincée d’aneth... les herbes aromatiques sont
   aujourd’hui presque automatiques. ... ”
   Lire la suite

   “ Chez Picard, la majorité des ventes de produits de la mer sauvages
   porte le label "Pêche durable MSC... ”
   Lire la suite

   Lire la suite

   Lire la suite

   Lire la suite

   “ Découvrez les engagements Picard en matière de produits labellisés,
   de produits élaborés en France e... ”
   Lire la suite

   “ Chaque année, l’agriculture biologique gagne du terrain avec un
   nombre croissant d’exploitants agric... ”
   Lire la suite

   Lire la suite

   “ Plus de 100 références de produits de la mer chez Picard pour se
   faire plaisir, cultiver chaque jour... ”
   Lire la suite

   “ Sources de nombreux nutriments, les produits de la mer sont
   excellents pour la santé. Tour d’horizon... ”
   Lire la suite

   “ Les falafels sont de délicieuses boulettes libanaises cuisinées à
   base de pois chiches, d’aromates, ... ”
   Lire la suite

   “ Cette petite prune ronde à la robe jaune intense arrive à maturité à
   la fin de l’été. Aussi délicieu... ”
   Lire la suite

   “ Avec la gamme + d’équilibre, Picard propose des plats équilibrés qui
   ne transigent pas avec le plais... ”
   Lire la suite

   “ Quel est le secret de la fraîcheur et de la finesse des Saint-Jacques
   françaises de Picard ? Sélecti... ”
   Lire la suite

   “ Avocat, edamame, myrtilles, lentilles, brocolis... Découvrez tous les
   bienfaits de ces savoureux pro... ”
   Lire la suite

   “ Margot est une jeune femme pétillante qui prend la vie côté healthy*
   et la partage généreusement via... ”
   Lire la suite

   “ Picard a mis le cap sur le régime végétarien depuis plusieurs années
   afin d’accompagner les choix al... ”
   Lire la suite

   Lire la suite
   Clicking moves
     * Produits
     * C'est nouveau
     * Prix réduits
     * En cuisine
     * Les légumes
     * Les fruits
     * Les viandes & volailles
     * Les poissons & crustacés
     * Les indispensables du cuisinier
     * À table !
     * Les apéritifs
     * Les entrées, tartes et salades
     * Les plats cuisinés
     * Cuisine évasion
     * Les pains & viennoiseries
     * Les pâtisseries
     * Les glaces & sorbets
     * L'épicerie
     * Des assiettes à part
     * Les jours trop bons
     * Soupes et potages
     * Tout à moins de 3 €
     * Le bio & produits labellisés
     * Les régimes alimentaires

     * Idées à cuisiner
     * Les apéritifs
     * Les entrées
     * Les plats
     * Les desserts
     * La recette du mois
     * L'inspiration Minute
     * Qualité & Savoir-faire
     * Les actualités
     * Tendance et Innovation
     * Santé et Nutrition
     * Conservation et Cuisson
     * Nos Partenaires
     * Picard vous répond
     * Les webdocs

   Magasins
   Retrouvez-nous sur
     * Facebook
     * Twitter
     * Youtube
     * Pinterest
     * Instagram

   Contactez-nous au 0 820 16 00 39 Du lundi au samedi de 8h à 19h.
     * Picard Entreprise
     * Qui sommes nous
     * Les valeurs Picard
     * Picard à votre service
     * Picard en chiffres
     * Travailler chez Picard
     * Recrutement
     * Informations financières / Financial Information
     * Espace Presse

   Rejoignez-nous !
     * Travailler chez Picard
     * Consulter les offres
     * Devenir franchisé Picard

     * Livraison à domicile
       Du lundi au samedi,
       de 7h à  21h selon localités.
     * Recettes & astuces
       Plus de 1500 fiches
       pratiques.
     * Le plus grand choix
       Tous les produits Picard :
       grands classiques et dernières nouveautés.

     * carte bleue
     * Visa
     * Master Card
     * American Express

     * FAQ
     * Guide de navigation
     * Plan du site
     * Contact
     * CGV et CGU du site
     * Conditions du programme picard et moi
     * Données personnelles et cookies

   tarif TTC valable du 16/09/2019 au 20/10/2019 dans nos magasins et en
   livraison à domicile (pour Paris, région parisienne et la plupart des
   grandes villes)
   RichNav Démarer la vidéo Creneaux
   IFRAME: //www.googletagmanager.com/ns.html?id=GTM-WLRN96

   Livraison de surgelés à domicile Picard

Posez votre question*Champs obligatoires

   Vous souhaitez obtenir un renseignement, un complément d'information
   Écrivez-nous tout de suite et nous vous répondons dans les meilleurs
   délais.

   Objet :*
     * Choisir
     * Programme Picard et Moi
     * Demande de catalogue
     * Gestion de compte société
     * Livrez-vous ma localité ?
     * Question sur l'application mobile
     * Question sur le site WEB
     * Réclamation produit
          + - Livraison à domicile
          + - Magasin
     * Réclamation commerciale
          + - Livraison à domicile
          + - Magasin
     * Renseignement magasin
     * Renseignement produit
     * Suivi de commande et livraison
     * Divers
          + - Livraison à domicile
          + - Magasin

   Veuillez sélectionner l'objet de votre demande dans la liste déroulante

   Civilité :* [Monsieur]

   Nom :* ____________________
   Prénom :* ____________________

   E-mail :* ____________________

   Adresse :* ____________________

   Ville :* ____________________

   Code postal :* ____________________

   Magasin :* ____________________

   Code article :* ____________________

   Libellé article :* ____________________

   Société :* ____________________

   Contact :* ____________________

   Numéro de commande :* ____________________

   Numéro de lot :* ____________________

   Question :*
   ____________________________________________________________
   ____________________________________________________________
   ____________________________________________________________
   ____________________________________________________________

   Champ libre :*
   ____________________________________________________________
   ____________________________________________________________
   ____________________________________________________________
   ____________________________________________________________

   (send) Envoyer
   Votre demande a bien été envoyée

   Vos données à caractère personnel font l’objet d’un traitement mis en
   œuvre par la société PICARD SURGELES selon les modalités définies dans
   notre politique de données personnelles. Elles sont traitées sur la
   base de votre consentement afin de répondre à vos questions.

   Seuls ont accès aux données, dans la limite de leurs attributions
   respectives, (i) les services de la société PICARD SURGELES et (ii) les
   prestataires habilités à traiter vos données uniquement pour le compte
   de la société PICARD SURGELES.

   Les données à fournir de manière obligatoire sont indiquées comme
   telles sur le formulaire. Sans ces données, notre société ne sera pas
   en mesure de satisfaire votre demande.

   Conformément à la loi Informatique et libertés du 6 janvier 1978
   modifiée et au règlement européen général sur la protection des données
   à caractère personnel (UE) 2016/679 du 27 avril 2016, vous disposez
   d’un droit d’accès et d’un droit de rectification des données vous
   concernant et, s’ils sont applicables, d’un droit de suppression, d’un
   droit d’opposition au traitement de vos données, d’un droit à
   l’effacement et à la limitation du traitement ainsi que d’un droit à la
   portabilité de vos données. Vous disposez également du droit de définir
   des directives relatives au sort de vos données après votre décès. Vous
   pouvez exercer vos droits, à tout moment, en effectuant une demande
   écrite accompagnée d’un justificatif d’identité par voie électronique à
   l’adresse cnil@picard.fr ou par courrier postal adressé au Service
   Information Consommateur CS 30038 77797 Nemours. A tout moment vous
   pouvez gérer vos abonnements aux services proposés dans la rubrique
   « Mon Compte » sur picard.fr et dans l’application mobile. Vous
   disposez enfin du droit d’introduire une réclamation auprès de la
   Commission nationale de l’informatique et des libertés (Cnil).
   Vos données sont conservées pendant une durée de trois ans à compter de
   leur collecte ou du dernier contact. Les données permettant d'établir
   la preuve d'un droit ou d'un contrat, ou conservées au titre du respect
   d'une obligation légale sont archivées conformément aux dispositions en
   vigueur.




   Lorsque vous naviguez sur notre site internet, des informations sont
   susceptibles d'être enregistrées, ou lues, dans votre terminal, sous
   réserve de vos choix.

   Acceptez-vous le dépôt et la lecture de cookies afin que nous et nos
   partenaires puissions analyser vos centres d'intérêts pour vous
   proposer des publicités personnalisées ?* ( ) Oui ( ) Non

   Acceptez-vous le dépôt et la lecture de cookies afin que nous et nos
   partenaires puissions analyser vos centres d'intérêts pour vous
   proposer des publicités personnalisées ?* ( ) Oui ( ) Non

   Acceptez-vous le dépôt et/ou la lecture de cookies pour vous permettre
   de partager des contenus de notre site avec d'autres personnes ou de
   faire connaître à ces autres personnes votre consultation ou votre
   opinion  (boutons "J'aime" de Facebook par exemple) :* (*) Oui ( ) Non


   Livraison de surgelés à domicile Picard

   Livraison à domicile du Lundi au Samedi de 7h à 21h selon localités.
     * Contactez-nous
     * Appli iPhone et Android

   Vos courses et des idées gourmandes en quelques clics

   Picard&Moi Votre programme de fidélité
   Mon compte
   Rechercher un produi Submit

     *
     * Produits
     * Idées à cuisiner
     * Qualité & savoir-faire
     * Magasins
     * Mon compte
     *
     *
     *

   Vous n'avez pas sélectionné de produit Besoin d'aide ?
   Vous n'avez pas sélectionné de produit Besoin d'aide ?
     *
     *

     * Les rayons
     * Tout afficher

     * En cuisine
     *   Les légumes
     *   Les fruits
     *   Les viandes & volailles
     *   Les poissons & crustacés
     *   Les indispensables du cuisinier

     * À table !
     *   Les apéritifs
     *   Les entrées, tartes et salades
     *   Les plats cuisinés
     *   Cuisine évasion
     *   Les pains & viennoiseries
     *   Les pâtisseries
     *   Les glaces & sorbets
     *   L'épicerie

     * Des assiettes à part
     *   Les jours trop bons
     *   C'est nouveau
     *   Prix réduits
     *   Soupes et potages
     *   Tout à moins de 3 €
     *   Le bio & produits labellisés
     *   Les régimes alimentaires

   Nouveau Tout afficher

   Pizza à la tomate et au basilic la boîte de 565 g 8.76 €/kg
   Pizza à la tomate et au basilic
   3.71 €
   Ajouter à ma liste
   [Choisir une liste]
   Fermer
   ____________________ [BUTTON Input] (not implemented)__
   Fermer
   (Ajouter au panier) Ajouter au panier
   Qté ____________________ Plus Moins
   Prix réduits Tout afficher

   8 portions filets cabillaud MSC,Norvège... le sachet de 800 g 20.62
   €/kg
   8 portions filets cabillaud MSC,Norvège ou Islande
   16.50 € 17.95 €
   Ajouter à ma liste
   [Choisir une liste]
   Fermer
   ____________________ [BUTTON Input] (not implemented)__
   Fermer
   (Ajouter au panier) Ajouter au panier
   Qté ____________________ Plus Moins
   Fermer
   Découvrez les recettes, les suggestions et les menus pour trouver des
   idées pour chaque plat.
   Idées à cuisiner Tout afficher
     * Les recettes
     * Toutes les recettes

   Les apéritifs Les apéritifs
   Les entrées Les entrées
   Les plats Les plats
   Les desserts Les desserts
     * Les suggestions

   La recette du mois
   La recette du mois

   Velouté de fèves à la menthe
   Découvrir
   L’inspiration Minute
   Fermer
   Les actualités Tout afficher

   La mirabelle de Lorraine : Cette petite prune ronde à la robe jaune
   intense arrive à maturité à la fin de l’été. Aussi délicieuse cuite
   q...
   Lire la suite
   La mirabelle de Lorraine

   La RSE chez Picard : bilan de notre engagement : Picard, un acteur
   engagé en matière de Responsabilité sociale et environnementale....
   Lire la suite
   La RSE chez Picard : bilan de notre engagement
   Picard vous répond
   Qualité et savoir-faire

   Qualité & Savoir-Faire

   Découvrez tous les sujets qui
   nourrissent l'alimentation,
   et nos réponses : petits secrets et grandes vérités au menu.
   Parcourir
     * Tendance et Innovation
       Tendance et Innovation
     * Santé et Nutrition
       Santé et Nutrition
     * Conservation et Cuisson
       Conservation et Cuisson
     * Nos Partenaires
       Nos Partenaires
     * Les webdocs Les webdocs

   Fermer
     * Mon compte
     * Fermer

     * accéder à mon compte
     * Mes paramètres
          + Mes informations personnelles
          + Mes abonnements
          + Mes adresses
          + Mes magasins Picard
          + Mes préférences
     * Mes commandes
          + Consulter mes commandes
     * Mes Favoris
          + Mes recettes
          + Mes listes de courses
          + Mes critères de recherche

   Se déconnecter
   Accueil    /
   Tous les rayons    /
   Tout à moins de 3 €
   Tout à moins de 3 € surgelé
     * Tout à moins de 3 €
     * Changer de rayon
          +  C'est nouveau
          +  Prix réduits
          +  Les légumes
          +  Les fruits
          +  Les viandes & volailles
          +  Les poissons & crustacés
          +  Les indispensables du cuisinier
          +  Les apéritifs
          +  Les entrées, tartes et salades
          +  Les plats cuisinés
          +  Cuisine évasion
          +  Les pains & viennoiseries
          +  Les pâtisseries
          +  Les glaces & sorbets
          +  L'épicerie
          +  Les jours trop bons
          +  Soupes et potages
          +  Tout à moins de 3 €
          +  Le bio & produits labellisés
          +  Les régimes alimentaires

Tout à moins de 3 €

   Découvrez plus de 400 produits à moins de 3 €, pour que chaque repas
   pris en famille, en solo, au saut du lit ou encore entre amis, soit un
   moment savoureux et équilibré. Fidèle à ses engagements, Picard vous
   propose un vaste choix de goûts et de saveurs pour varier les plaisirs
   tout au long de l'année.
   Trouver un produit Tomate, carpaccio, v Submit
   Recherche affinée Utilisez les critères pour trouver le produit de vos
   envies.
   [Mes critèress]
     * Afficher tous les produits
     * Afficher les suggestions du mois

   En cuisine
     * Les légumes
     * Les viandes et volailles
     * Les poissons
     * Les fruits
     * Les indispensables du cuisinier

   A table !
     * Les apéritifs
     * Les entrées et tartes
     * Les plats cuisinés
     * La cuisine évasion
     * Les pains et viennoiseries
     * Les pâtisseries
     * Les glaces et sorbets
     * L'épicerie

     *   Les plats cuisinés

   Enregistrer ces critères

   [Nouveau]

   (BUTTON) OK Fermer
   Votre Critère a bien été créé
   Critère mis à jour
   Ce nom de critère existe déjà
   ____________________ (save_criteria) OK Fermer
   45 produits
     *
     *

   Trier par [Pertinence_________]

   Lasagnes à la bolognaise barquette de 400 g 6.25 €/kg
   Lasagnes à la bolognaise
   Ajouter à ma liste
   [Choisir une liste]
   Fermer
   ____________________ [BUTTON Input] (not implemented)__
   Fermer
   (Ajouter au panier) Ajouter au panier
   Qté ____________________ Plus Moins
   ª  2.50 €
   Poulet sauce teriyaki et riz au sésame barquette de 400 g 6.25 €/kg
   Poulet sauce teriyaki et riz au sésame
   Ajouter à ma liste
   [Choisir une liste]
   Fermer
   ____________________ [BUTTON Input] (not implemented)__
   Fermer
   (Ajouter au panier) Ajouter au panier
   Qté ____________________ Plus Moins
   ª  2.50 €
   Hachis parmentier la boîte de 400 g 7.12 €/kg
   Hachis parmentier
   Ajouter à ma liste
   [Choisir une liste]
   Fermer
   ____________________ [BUTTON Input] (not implemented)__
   Fermer
   (Ajouter au panier) Ajouter au panier
   Qté ____________________ Plus Moins
   ª  2.85 €
   Fagottini à la ricotta et aux épinards barquette de 250 g 11.80 €/kg
   Fagottini à la ricotta et aux épinards
   Ajouter à ma liste
   [Choisir une liste]
   Fermer
   ____________________ [BUTTON Input] (not implemented)__
   Fermer
   (Ajouter au panier) Ajouter au panier
   Qté ____________________ Plus Moins
   ª  2.95 €
   Gratin courge butternut, céréales,... la boîte de 200 g 10.00 €/kg
   Gratin courge butternut, céréales, fromage frais
   Ajouter à ma liste
   [Choisir une liste]
   Fermer
   ____________________ [BUTTON Input] (not implemented)__
   Fermer
   (Ajouter au panier) Ajouter au panier
   Qté ____________________ Plus Moins
   ª  2.00 €
   -5% supp avec la carte Poulet au curry et au lait de coco, duo...
   barquette de 300 g 6.00 €/kg
   Poulet au curry et au lait de coco, duo de riz
   Ajouter à ma liste
   [Choisir une liste]
   Fermer
   ____________________ [BUTTON Input] (not implemented)__
   Fermer
   (Ajouter au panier) Ajouter au panier
   Qté ____________________ Plus Moins
   ª  1.80 € 2.00€
   Poulet sauce citron vert, purée de... barquette de 300 g 6.66 €/kg
   Poulet sauce citron vert, purée de patate douce
   Ajouter à ma liste
   [Choisir une liste]
   Fermer
   ____________________ [BUTTON Input] (not implemented)__
   Fermer
   (Ajouter au panier) Ajouter au panier
   Qté ____________________ Plus Moins
   ª  2.00 €
   Poulet et mini-farfalles sauce aux 3... barquette de 300 g 6.66 €/kg
   Poulet et mini-farfalles sauce aux 3 fromages
   Ajouter à ma liste
   [Choisir une liste]
   Fermer
   ____________________ [BUTTON Input] (not implemented)__
   Fermer
   (Ajouter au panier) Ajouter au panier
   Qté ____________________ Plus Moins
   ª  2.00 €
   Gratin de pomme de terre, oignon, comté la boîte de 220 g 9.09 €/kg
   Gratin de pomme de terre, oignon, comté
   Ajouter à ma liste
   [Choisir une liste]
   Fermer
   ____________________ [BUTTON Input] (not implemented)__
   Fermer
   (Ajouter au panier) Ajouter au panier
   Qté ____________________ Plus Moins
   ª  2.00 €
   2 galettes végétales à la parisienne la boîte de 200 g 13.25 €/kg
   2 galettes végétales à la parisienne
   Ajouter à ma liste
   [Choisir une liste]
   Fermer
   ____________________ [BUTTON Input] (not implemented)__
   Fermer
   (Ajouter au panier) Ajouter au panier
   Qté ____________________ Plus Moins
   ª  2.65 €
   Tajine de poulet aux abricots, semoule... barquette de 400 g 6.25 €/kg
   Tajine de poulet aux abricots, semoule aux épices
   Ajouter à ma liste
   [Choisir une liste]
   Fermer
   ____________________ [BUTTON Input] (not implemented)__
   Fermer
   (Ajouter au panier) Ajouter au panier
   Qté ____________________ Plus Moins
   ª  2.50 €
   -5% supp avec la carte Gratin de pâte, épinard, poireau et... la boîte
   de 200 g 9.00 €/kg
   Gratin de pâte, épinard, poireau et sauce au comté
   Ajouter à ma liste
   [Choisir une liste]
   Fermer
   ____________________ [BUTTON Input] (not implemented)__
   Fermer
   (Ajouter au panier) Ajouter au panier
   Qté ____________________ Plus Moins
   ª  1.80 € 2.00€
   Purée de pommes de terre au poulet et... la boîte de 450 g 6.22 €/kg
   Purée de pommes de terre au poulet et aux carottes
   Ajouter à ma liste
   [Choisir une liste]
   Fermer
   ____________________ [BUTTON Input] (not implemented)__
   Fermer
   (Ajouter au panier) Ajouter au panier
   Qté ____________________ Plus Moins
   ª  2.80 €
   Poulet, nouilles sautées, légumes wok barquette de 300 g 6.66 €/kg
   Poulet, nouilles sautées, légumes wok
   Ajouter à ma liste
   [Choisir une liste]
   Fermer
   ____________________ [BUTTON Input] (not implemented)__
   Fermer
   (Ajouter au panier) Ajouter au panier
   Qté ____________________ Plus Moins
   ª  2.00 €
   Gnocchi farcis au gorgonzola, sauce... barquette de 300 g 9.83 €/kg
   Gnocchi farcis au gorgonzola, sauce tomate
   Ajouter à ma liste
   [Choisir une liste]
   Fermer
   ____________________ [BUTTON Input] (not implemented)__
   Fermer
   (Ajouter au panier) Ajouter au panier
   Qté ____________________ Plus Moins
   ª  2.95 €
   Poulet et risotto, sauce pesto rosso barquette de 300 g 6.66 €/kg
   Poulet et risotto, sauce pesto rosso
   Ajouter à ma liste
   [Choisir une liste]
   Fermer
   ____________________ [BUTTON Input] (not implemented)__
   Fermer
   (Ajouter au panier) Ajouter au panier
   Qté ____________________ Plus Moins
   ª  2.00 €
   10 boulettes végétales la boîte de 200 g 14.75 €/kg
   10 boulettes végétales
   Ajouter à ma liste
   [Choisir une liste]
   Fermer
   ____________________ [BUTTON Input] (not implemented)__
   Fermer
   (Ajouter au panier) Ajouter au panier
   Qté ____________________ Plus Moins
   ª  2.95 €
   Paëlla barquette de 300 g 6.66 €/kg
   Paëlla
   Ajouter à ma liste
   [Choisir une liste]
   Fermer
   ____________________ [BUTTON Input] (not implemented)__
   Fermer
   (Ajouter au panier) Ajouter au panier
   Qté ____________________ Plus Moins
   ª  2.00 €
   Gnocchis au chèvre et aux épinards,... barquette de 300 g 6.66 €/kg
   Gnocchis au chèvre et aux épinards, sauce tomate
   Ajouter à ma liste
   [Choisir une liste]
   Fermer
   ____________________ [BUTTON Input] (not implemented)__
   Fermer
   (Ajouter au panier) Ajouter au panier
   Qté ____________________ Plus Moins
   ª  2.00 €
   Purée de pommes de terre au colin... la boîte de 450 g 6.22 €/kg
   Purée de pommes de terre au colin d'Alaska
   Ajouter à ma liste
   [Choisir une liste]
   Fermer
   ____________________ [BUTTON Input] (not implemented)__
   Fermer
   (Ajouter au panier) Ajouter au panier
   Qté ____________________ Plus Moins
   ª  2.80 €
   -5% supp avec la carte Parmentier de canard la boîte de 350 g 7.85 €/kg
   Parmentier de canard
   Ajouter à ma liste
   [Choisir une liste]
   Fermer
   ____________________ [BUTTON Input] (not implemented)__
   Fermer
   (Ajouter au panier) Ajouter au panier
   Qté ____________________ Plus Moins
   ª  2.75 € 2.99€
   Lasagnes chèvre, épinards la boîte de 400 g 7.47 €/kg
   Lasagnes chèvre, épinards
   Ajouter à ma liste
   [Choisir une liste]
   Fermer
   ____________________ [BUTTON Input] (not implemented)__
   Fermer
   (Ajouter au panier) Ajouter au panier
   Qté ____________________ Plus Moins
   ª  2.99 €
   Hachis parmentier barquette de 300 g 6.66 €/kg
   Hachis parmentier
   Ajouter à ma liste
   [Choisir une liste]
   Fermer
   ____________________ [BUTTON Input] (not implemented)__
   Fermer
   (Ajouter au panier) Ajouter au panier
   Qté ____________________ Plus Moins
   ª  2.00 €
   -25% de remise Rigatoni à la gricia barquette de 300 g 9.83 €/kg
   Rigatoni à la gricia
   Ajouter à ma liste
   [Choisir une liste]
   Fermer
   ____________________ [BUTTON Input] (not implemented)__
   Fermer
   (Ajouter au panier) Ajouter au panier
   Qté ____________________ Plus Moins
   ª  2.21 € 2.95 €
   Spaghetti alle Vongole barquette de 300 g 9.83 €/kg
   Spaghetti alle Vongole
   Ajouter à ma liste
   [Choisir une liste]
   Fermer
   ____________________ [BUTTON Input] (not implemented)__
   Fermer
   (Ajouter au panier) Ajouter au panier
   Qté ____________________ Plus Moins
   ª  2.95 €
   Gratin de coquillettes au jambon et à... la boîte de 350 g 8.54 €/kg
   Gratin de coquillettes au jambon et à l'emmental
   Ajouter à ma liste
   [Choisir une liste]
   Fermer
   ____________________ [BUTTON Input] (not implemented)__
   Fermer
   (Ajouter au panier) Ajouter au panier
   Qté ____________________ Plus Moins
   ª  2.99 €
   Spaghetti à la bolognaise barquette de 400 g 6.25 €/kg
   Spaghetti à la bolognaise
   Ajouter à ma liste
   [Choisir une liste]
   Fermer
   ____________________ [BUTTON Input] (not implemented)__
   Fermer
   (Ajouter au panier) Ajouter au panier
   Qté ____________________ Plus Moins
   ª  2.50 €
   Colin d'Alaska à la bordelaise et riz... barquette de 300 g 6.66 €/kg
   Colin d'Alaska à la bordelaise et riz aux légumes
   Ajouter à ma liste
   [Choisir une liste]
   Fermer
   ____________________ [BUTTON Input] (not implemented)__
   Fermer
   (Ajouter au panier) Ajouter au panier
   Qté ____________________ Plus Moins
   ª  2.00 €
   Mac and Cheese au jambon barquette de 400 g 6.25 €/kg
   Mac and Cheese au jambon
   Ajouter à ma liste
   [Choisir une liste]
   Fermer
   ____________________ [BUTTON Input] (not implemented)__
   Fermer
   (Ajouter au panier) Ajouter au panier
   Qté ____________________ Plus Moins
   ª  2.50 €
   Ravioli aux cèpes sauce au parmesan barquette de 300 g 9.83 €/kg
   Ravioli aux cèpes sauce au parmesan
   Ajouter à ma liste
   [Choisir une liste]
   Fermer
   ____________________ [BUTTON Input] (not implemented)__
   Fermer
   (Ajouter au panier) Ajouter au panier
   Qté ____________________ Plus Moins
   ª  2.95 €
   Linguine au saumon et aux épinards,... barquette de 300 g 6.66 €/kg
   Linguine au saumon et aux épinards, sauce citron
   Ajouter à ma liste
   [Choisir une liste]
   Fermer
   ____________________ [BUTTON Input] (not implemented)__
   Fermer
   (Ajouter au panier) Ajouter au panier
   Qté ____________________ Plus Moins
   ª  2.00 €
   -5% supp avec la carte Cannelloni à la bolognaise barquette de 325 g
   5.53 €/kg
   Cannelloni à la bolognaise
   Ajouter à ma liste
   [Choisir une liste]
   Fermer
   ____________________ [BUTTON Input] (not implemented)__
   Fermer
   (Ajouter au panier) Ajouter au panier
   Qté ____________________ Plus Moins
   ª  1.80 € 2.00€
   Risotto aux 4 fromages barquette de 300 g 9.83 €/kg
   Risotto aux 4 fromages
   Ajouter à ma liste
   [Choisir une liste]
   Fermer
   ____________________ [BUTTON Input] (not implemented)__
   Fermer
   (Ajouter au panier) Ajouter au panier
   Qté ____________________ Plus Moins
   ª  2.95 €
   Colin d'Alaska MSC sauce beurre citron la boîte de 400 g 7.12 €/kg
   Colin d'Alaska MSC sauce beurre citron
   Ajouter à ma liste
   [Choisir une liste]
   Fermer
   ____________________ [BUTTON Input] (not implemented)__
   Fermer
   (Ajouter au panier) Ajouter au panier
   Qté ____________________ Plus Moins
   ª  2.85 €
   Colombo de poissons, riz et lentilles... barquette de 300 g 6.66 €/kg
   Colombo de poissons, riz et lentilles corail
   Ajouter à ma liste
   [Choisir une liste]
   Fermer
   ____________________ [BUTTON Input] (not implemented)__
   Fermer
   (Ajouter au panier) Ajouter au panier
   Qté ____________________ Plus Moins
   ª  2.00 €
   -5% supp avec la carte Purée de pomme de terre à la tomate et... la
   boîte de 450 g 5.55 €/kg
   Purée de pomme de terre à la tomate et mozzarella
   Ajouter à ma liste
   [Choisir une liste]
   Fermer
   ____________________ [BUTTON Input] (not implemented)__
   Fermer
   (Ajouter au panier) Ajouter au panier
   Qté ____________________ Plus Moins
   ª  2.50 € 2.80€
   Légumes à la campagnarde, sauce moutarde la boîte de 200 g 10.00 €/kg
   Légumes à la campagnarde, sauce moutarde
   Ajouter à ma liste
   [Choisir une liste]
   Fermer
   ____________________ [BUTTON Input] (not implemented)__
   Fermer
   (Ajouter au panier) Ajouter au panier
   Qté ____________________ Plus Moins
   ª  2.00 €
   Saumon, colin d'Alaska à l'oseille,... barquette de 300 g 6.66 €/kg
   Saumon, colin d'Alaska à l'oseille, pomme de terre
   Ajouter à ma liste
   [Choisir une liste]
   Fermer
   ____________________ [BUTTON Input] (not implemented)__
   Fermer
   (Ajouter au panier) Ajouter au panier
   Qté ____________________ Plus Moins
   ª  2.00 €
   Ravioli ricotta épinard, sauce tomate barquette de 300 g 6.66 €/kg
   Ravioli ricotta épinard, sauce tomate
   Ajouter à ma liste
   [Choisir une liste]
   Fermer
   ____________________ [BUTTON Input] (not implemented)__
   Fermer
   (Ajouter au panier) Ajouter au panier
   Qté ____________________ Plus Moins
   ª  2.00 €
   Tagliatelles à la carbonara barquette de 300 g 6.66 €/kg
   Tagliatelles à la carbonara
   Ajouter à ma liste
   [Choisir une liste]
   Fermer
   ____________________ [BUTTON Input] (not implemented)__
   Fermer
   (Ajouter au panier) Ajouter au panier
   Qté ____________________ Plus Moins
   ª  2.00 €
   C'est nouveau Gratin de gnocchi, champignon de Paris,... la boîte de
   200 g 10.00 €/kg
   [icon_nouveaute.png]
   Gratin de gnocchi, champignon de Paris, courgette
   Ajouter à ma liste
   [Choisir une liste]
   Fermer
   ____________________ [BUTTON Input] (not implemented)__
   Fermer
   (Ajouter au panier) Ajouter au panier
   Qté ____________________ Plus Moins
   ª  2.00 €
   Chili con carne et riz barquette de 400 g 6.25 €/kg
   Chili con carne et riz
   Ajouter à ma liste
   [Choisir une liste]
   Fermer
   ____________________ [BUTTON Input] (not implemented)__
   Fermer
   (Ajouter au panier) Ajouter au panier
   Qté ____________________ Plus Moins
   ª  2.50 €
   Poulet et petites pâtes sauce aux... barquette de 300 g 6.66 €/kg
   Poulet et petites pâtes sauce aux champignons
   Ajouter à ma liste
   [Choisir une liste]
   Fermer
   ____________________ [BUTTON Input] (not implemented)__
   Fermer
   (Ajouter au panier) Ajouter au panier
   Qté ____________________ Plus Moins
   ª  2.00 €
   Gratin de légumes du soleil la boîte de 220 g 9.09 €/kg
   Gratin de légumes du soleil
   Ajouter à ma liste
   [Choisir une liste]
   Fermer
   ____________________ [BUTTON Input] (not implemented)__
   Fermer
   (Ajouter au panier) Ajouter au panier
   Qté ____________________ Plus Moins
   ª  2.00 €
   Poulet à la basquaise et riz barquette de 400 g 6.25 €/kg
   Poulet à la basquaise et riz
   Ajouter à ma liste
   [Choisir une liste]
   Fermer
   ____________________ [BUTTON Input] (not implemented)__
   Fermer
   (Ajouter au panier) Ajouter au panier
   Qté ____________________ Plus Moins
   ª  2.50 €
   Haut de page
     *
     *

   Trier par [Pertinence_________]

   Clicking moves Picard vous répond

   “ Je viens de regarder un reportage TV qui concernait les "acides gras
   trans", c'est-à-dire hydrogénés... ”
   Lire la suite

   “ Pourriez-vous me confirmer que les informations nutritionnelles
   mentionnées sur vos emballages s’ent... ”
   Lire la suite

   “ Colin d’Alaska, colin lieu, quelles sont les différences ? ”
   Lire la suite

   “ A quoi correspondent exactement les pourcentages des « AJR » qui sont
   indiqués dans certains tableau... ”
   Lire la suite

   “ Picard propose de nombreux plats exotiques. Leur fabrication est-elle
   effectuée en France ? Certains... ”
   Lire la suite

   “ Quelle est la différence entre les mentions "production française" et
   "produit élaboré en France" ”
   Lire la suite

   “ L’emballage des produits BIO comporte 2 types d'informations sur
   l'origine avec une mention « Agric... ”
   Lire la suite

   “ Trouve-t-on des ajouts de conservateurs tels que les sulfites dans
   vos produits ? ”
   Lire la suite

   “ Je trouve le prix de vos filets de sole mer du Nord très élevé en
   comparaison avec les soles fraîche... ”
   Lire la suite

   “ Après cuisson des lobes de foie gras, je constate quelquefois une
   proportion de graisse importante. ... ”
   Lire la suite

   “ Pourquoi y a-t-il de la gélatine de porc dans certains de vos
   desserts glacés ? Est-ce vraiment néce... ”
   Lire la suite

   “ J’aimerais avoir la liste des herbes et aromates qui sont irradiés,
   car sur aucun de vos emballages ... ”
   Lire la suite

   “ Comment puis-je distinguer les poissons d'élevage des poissons
   sauvages parmi les espèces disponible... ”
   Lire la suite

   “ J'ai découvert récemment un nouveau logo pour la viande bovine
   Française. A quoi correspond ce logo ... ”
   Lire la suite

   “ Pourquoi certaines langoustines ont-elles des têtes vertes ? ”
   Lire la suite

   “ Pourquoi vos noix de Saint-Jacques ont-elles quelquefois très peu de
   corail ? Cela nuit à la présent... ”
   Lire la suite

   “ Comment puis-je m’assurer que le thon de couleur rouge que vous
   commercialisez en découpes ou dans l... ”
   Lire la suite

   “ Pourquoi ne trouve-t-on pas de « gambas » dans votre gamme ? Quelle
   est la différence avec des creve... ”
   Lire la suite

   “ Pourquoi ajoutez-vous du sucre dans certains de vos plats cuisinés ?
   Lorsque l'on souhaite réduire s... ”
   Lire la suite

   “ Je consomme beaucoup de légumes surgelés et j’aimerais m’assurer que
   les emballages ne renferment pa... ”
   Lire la suite

   “ Importez-vous des produits du Japon et quelles sont les conséquences
   sanitaires suite à l’incident d... ”
   Lire la suite

   “ J’ai entendu dire que Picard éditait un catalogue en braille pour les
   non-voyants. Qu’en est-il et o... ”
   Lire la suite

   “ Depuis quelques mois vous me livrez à domicile et j’aimerais savoir
   quelle est la quantité maximale ... ”
   Lire la suite

   “ Est-il possible de laver la glacière en coton équitable en machine à
   laver ? ”
   Lire la suite

   “ Je souhaiterais savoir si la teneur en pesticides des fruits et
   légumes que vous vendez est systémat... ”
   Lire la suite

   “ Pouvez-vous me confirmer que des poissons conservés plusieurs mois à
   l’état surgelé ne perdent pas l... ”
   Lire la suite

   “ Pouvez-vous me préciser ce que garantit le « LABEL ROUGE » sur vos
   brochettes de crevettes ? ”
   Lire la suite

   “ Plusieurs distributeurs ont pris la décision de ne plus
   commercialiser certaines espèces de poissons... ”
   Lire la suite

   “ Les mini-brochettes de poulet au miel et au thym sont excellentes,
   mais, surprise quand je découvre ... ”
   Lire la suite

   “ Pouvez-vous me préciser si les mono et diglycérides d’acides gras
   présents dans certains de vos prod... ”
   Lire la suite

   “ Quelle est la différence entre votre nouvelle gamme « Tout bon, tout
   veggie* » et les autres produit... ”
   Lire la suite

   “ Avez-vous des conseils pour décongeler rapidement des filets de
   poisson ? Est-il possible de les lai... ”
   Lire la suite

   “ Certains de vos produits contiennent de l'huile de palme. Quelle est
   votre politique en la matière ? ”
   Lire la suite

   “ Je souhaite savoir si vous réalisez toujours des tests ADN sur les
   viandes utilisées dans vos plats ... ”
   Lire la suite

   “ Que signifient les étoiles qui figurent à côté des dénominations de
   certaines viandes ? ”
   Lire la suite

   “ Pourquoi vos crevettes nordiques présentent souvent des œufs, alors
   que ce n'est jamais le cas pour ... ”
   Lire la suite

   “ J'achète régulièrement des biftecks hachés. J'aimerais savoir
   pourquoi il est écrit sur l'emballage ... ”
   Lire la suite

   “ Pour vos filets de poisson présentés avec peau, les valeurs
   nutritionnelles affichées sur l'emballag... ”
   Lire la suite

   “ Picard propose-t-il des produits sans gluten ? ”
   Lire la suite

   “ Je suis déçu par vos pavés de loup de mer, je ne retrouve pas les
   qualités du loup (bar) que j’ai l’... ”
   Lire la suite

   “ A l’heure du développement durable, pourquoi aller chercher des
   produits aux antipodes comme l’agnea... ”
   Lire la suite

   “ Pouvez-vous me préciser ce que signifie le logo «100% muscle» qui se
   trouve sur les emballages des s... ”
   Lire la suite

   “ Pourquoi tous vos poissons ne portent-ils pas l'écolabel MSC ? ”
   Lire la suite

   “ Pourquoi certains de vos ingrédients apparaissent en gras dans les
   listes d'ingrédients sur vos emba... ”
   Lire la suite

   “ J'ai remarqué que l'emballage des filets de colin lieu MSC, propose
   des informations sur l"origine e... ”
   Lire la suite

   “ Pourquoi avez-vous changé la recette de la quiche lorraine, qui est
   d'ailleurs plus chère qu'avant ? ”
   Lire la suite

   “ Comment savoir où sont fabriqués vos produits et d'où viennent les
   ingrédients utilisés dans les pré... ”
   Lire la suite

   “ J'ai remarqué que les sachets de julienne de légumes présentent
   souvent des blocs agglomérés et du g... ”
   Lire la suite

   “ Les légumes surgelés ont-ils des qualités nutritionnelles
   équivalentes aux légumes frais ? ”
   Lire la suite

   “ Vous vendez déjà des brochettes toutes prêtes. Avez-vous une offre si
   on souhaite les faire soi-même... ”
   Lire la suite

   “ Est-ce possible d’utiliser vos poissons pour une consommation crue,
   pour confectionner des sushis pa... ”
   Lire la suite

   “ J’aimerais en savoir plus sur vos engagements et vos actions pour le
   climat ? ”
   Lire la suite

   “ J’ai découvert récemment vos pavés de bonite à ventre rayé : vu l...
   ”
   Lire la suite

   “ J'ai remarqué un nouveau label sur vos produits de la mer, que
   signifie ASC ? ”
   Lire la suite

   “ Pourquoi l’emballage des myrtilles bio préconise-t-il de cuire les
   fruits ? N’est-il pas possible de... ”
   Lire la suite

   “ Quelle est la différence entre un produit congelé et un produit
   surgelé ? ”
   Lire la suite

   “ Où s’inscrire au programme de fidélité ? ”
   Lire la suite

   “ Comment trouver la liste d’ingrédient ou les valeurs nutritionnelles
   d’un produit ? ”
   Lire la suite

   “ Comment contacter le service consommateur ? ”
   Lire la suite

   “ Comment trouver le magasin le plus proche de chez moi ? ”
   Lire la suite

   “ Est-il possible de commander des chèques cadeaux Picard ? ”
   Lire la suite

   “ Puis-je payer en ticket restaurant mes achats ? ”
   Lire la suite

   “ Comment ajouter des produits à ma commande ? ”
   Lire la suite

   “ Mon code promo ne fonctionne pas ”
   Lire la suite

   “ Quelle est la date de validité des promotions ? ”
   Lire la suite

   “ Peut-on retirer sa commande en magasin ? ”
   Lire la suite

   “ J’aimerais des précisions sur la mention qui figure sur tous vos
   emballages «ne jamais recongeler un... ”
   Lire la suite

   “ Je suis bloqué sur ma commande, que faire ? ”
   Lire la suite

   “ Quel est le montant minimum pour se faire livrer ? ”
   Lire la suite

   “ Un décret récent impose l’indication de l’origine des viandes dans
   les produits pr&eac... ”
   Lire la suite

   “ Votre mélange de légumes pour potage est très pratique pour élaborer
   rap... ”
   Lire la suite

   “ Récemment, j’ai lu plusieurs articles concernant la dangerosité de
   l’additif dioxyde de titane : pou... ”
   Lire la suite

   “ Je trouve que certains de vos produits ont des emballages superflus,
   ce qui va à l’encontre des préo... ”
   Lire la suite

   “ J’achète régulièrement des Saint-Jacques qui viennent de pays
   éloignés (Chili, Argentine …), mais je... ”
   Lire la suite
   Clicking moves
   Clicking moves Santé & Nutrition

   “ Qui se cache réellement derrière ce que l’on appelle « légumes » ?
   Entre haricots verts, épinards, p... ”
   Lire la suite

   “ Manger cinq fruits et légumes par jour, c’est facile toute l’année.
   Mais pour profiter de leur saveu... ”
   Lire la suite

   “ Les français consomment en moyenne 10 g / jour de sel alors que les
   besoins sont évalués à 3 à 5 g /... ”
   Lire la suite

   “ Rien de tel qu’un grand bol de potage chaud pour se réchauffer et se
   réconforter. Mais saviez-vous q... ”
   Lire la suite

   “ Calorique, grasse, lourde... La pomme de terre n’a pas la vie facile
   avec toutes ces idées reçues ! ... ”
   Lire la suite

   “ Les sulfites : derrière ce nom bien étrange se cache un ingrédient
   que l’on retrouve tous les jours ... ”
   Lire la suite

   Lire la suite

   “ Depuis 35 ans, Picard engage tout son savoir-faire et son exigence
   pour garantir des produits de qua... ”
   Lire la suite

   “ Des poivrons en janvier, du concombre en novembre, c’est possible !
   Avec une gamme de 87 variétés de... ”
   Lire la suite

   “ Une noisette de beurre, un filet d’huile d’olive... Les matières
   grasses sont recommandées pour fair... ”
   Lire la suite

   “ Aujourd’hui, chaque français consomme, par an, 29 kilos de poissons,
   coquillages et crustacés. Soit ... ”
   Lire la suite

   “ « Faible teneur en sucres », « pauvre en sodium », « riche en
   minéraux », « allégé »... Les allégati... ”
   Lire la suite

   “ « Amines = nécessaires à la vie », les vitamines sont des molécules
   indispensables au bon fonctionne... ”
   Lire la suite

   Lire la suite

   “ Voilà plus de 20 ans déjà que Picard nous propose un pain
   croustillant et moelleux à cœur. Avec les ... ”
   Lire la suite

   “ De l’entrée au dessert, Picard vous propose désormais une gamme de
   marques crées pour les régimes sa... ”
   Lire la suite

   “ Les produits de la mer sont la matière première la plus
   commercialisée au monde. Au cours des 50 der... ”
   Lire la suite

   “ Le petit-déjeuner est le repas le plus important de la journée. Il
   évite le coup de fatigue de 11h e... ”
   Lire la suite

   “ Picard a mis en place des processus permettant d’offrir un poisson
   extra-frais, notamment issu d’une... ”
   Lire la suite

   “ La notion d'agriculture biologique n'est pas récente : ses principes
   ont été introduits en France ap... ”
   Lire la suite

   “ Partout en Asie, les légumes ont la part belle. On en profite pour
   découvrir le beau mélange de légu... ”
   Lire la suite

   “ Si le calcium est associé aux produits laitiers, saviez-vous que
   d'autres aliments comme le chou ou ... ”
   Lire la suite

   “ L’Auvergne est une région d’élevage de bovins qui produit une viande
   reconnue pour ses saveurs excep... ”
   Lire la suite

   “ Hautes qualités gustatives et nutritionnelles, grande fraîcheur,
   facilité d’utilisation… les produit... ”
   Lire la suite

   “ La fréquence des allergies alimentaires a doublé en 5 ans. Entre 4 et
   8,5% des enfants de moins de 3... ”
   Lire la suite

   Lire la suite

   “ L’Alaska est une terre du bout du monde. Dans ses eaux pures, on ne
   trouve que du poisson sauvage pê... ”
   Lire la suite

   Lire la suite

   Lire la suite

   “ Les amateurs de poissons crus sont de plus en plus nombreux en
   France. Rien de tel en effet pour ret... ”
   Lire la suite

   “ Comme le petit-déjeuner, le goûter est un repas indispensable à la
   bonne forme et au bien-être des e... ”
   Lire la suite

   “ Un peu de thym, une pincée d’aneth... les herbes aromatiques sont
   aujourd’hui presque automatiques. ... ”
   Lire la suite

   “ Chez Picard, la majorité des ventes de produits de la mer sauvages
   porte le label "Pêche durable MSC... ”
   Lire la suite

   Lire la suite

   Lire la suite

   Lire la suite

   “ Découvrez les engagements Picard en matière de produits labellisés,
   de produits élaborés en France e... ”
   Lire la suite

   “ Chaque année, l’agriculture biologique gagne du terrain avec un
   nombre croissant d’exploitants agric... ”
   Lire la suite

   Lire la suite

   “ Plus de 100 références de produits de la mer chez Picard pour se
   faire plaisir, cultiver chaque jour... ”
   Lire la suite

   “ Sources de nombreux nutriments, les produits de la mer sont
   excellents pour la santé. Tour d’horizon... ”
   Lire la suite

   “ Les falafels sont de délicieuses boulettes libanaises cuisinées à
   base de pois chiches, d’aromates, ... ”
   Lire la suite

   “ Cette petite prune ronde à la robe jaune intense arrive à maturité à
   la fin de l’été. Aussi délicieu... ”
   Lire la suite

   “ Avec la gamme + d’équilibre, Picard propose des plats équilibrés qui
   ne transigent pas avec le plais... ”
   Lire la suite

   “ Quel est le secret de la fraîcheur et de la finesse des Saint-Jacques
   françaises de Picard ? Sélecti... ”
   Lire la suite

   “ Avocat, edamame, myrtilles, lentilles, brocolis... Découvrez tous les
   bienfaits de ces savoureux pro... ”
   Lire la suite

   “ Margot est une jeune femme pétillante qui prend la vie côté healthy*
   et la partage généreusement via... ”
   Lire la suite

   “ Picard a mis le cap sur le régime végétarien depuis plusieurs années
   afin d’accompagner les choix al... ”
   Lire la suite

   Lire la suite
   Clicking moves
     * Produits
     * C'est nouveau
     * Prix réduits
     * En cuisine
     * Les légumes
     * Les fruits
     * Les viandes & volailles
     * Les poissons & crustacés
     * Les indispensables du cuisinier
     * À table !
     * Les apéritifs
     * Les entrées, tartes et salades
     * Les plats cuisinés
     * Cuisine évasion
     * Les pains & viennoiseries
     * Les pâtisseries
     * Les glaces & sorbets
     * L'épicerie
     * Des assiettes à part
     * Les jours trop bons
     * Soupes et potages
     * Tout à moins de 3 €
     * Le bio & produits labellisés
     * Les régimes alimentaires

     * Idées à cuisiner
     * Les apéritifs
     * Les entrées
     * Les plats
     * Les desserts
     * La recette du mois
     * L'inspiration Minute
     * Qualité & Savoir-faire
     * Les actualités
     * Tendance et Innovation
     * Santé et Nutrition
     * Conservation et Cuisson
     * Nos Partenaires
     * Picard vous répond
     * Les webdocs

   Magasins
   Retrouvez-nous sur
     * Facebook
     * Twitter
     * Youtube
     * Pinterest
     * Instagram

   Contactez-nous au 0 820 16 00 39 Du lundi au samedi de 8h à 19h.
     * Picard Entreprise
     * Qui sommes nous
     * Les valeurs Picard
     * Picard à votre service
     * Picard en chiffres
     * Travailler chez Picard
     * Recrutement
     * Informations financières / Financial Information
     * Espace Presse

   Rejoignez-nous !
     * Travailler chez Picard
     * Consulter les offres
     * Devenir franchisé Picard

     * Livraison à domicile
       Du lundi au samedi,
       de 7h à  21h selon localités.
     * Recettes & astuces
       Plus de 1500 fiches
       pratiques.
     * Le plus grand choix
       Tous les produits Picard :
       grands classiques et dernières nouveautés.

     * carte bleue
     * Visa
     * Master Card
     * American Express

     * FAQ
     * Guide de navigation
     * Plan du site
     * Contact
     * CGV et CGU du site
     * Conditions du programme picard et moi
     * Données personnelles et cookies

   tarif TTC valable du 16/09/2019 au 20/10/2019 dans nos magasins et en
   livraison à domicile (pour Paris, région parisienne et la plupart des
   grandes villes)
   RichNav Démarer la vidéo Creneaux
   IFRAME: //www.googletagmanager.com/ns.html?id=GTM-WLRN96

   Livraison de surgelés à domicile Picard

Posez votre question*Champs obligatoires

   Vous souhaitez obtenir un renseignement, un complément d'information
   Écrivez-nous tout de suite et nous vous répondons dans les meilleurs
   délais.

   Objet :*
     * Choisir
     * Programme Picard et Moi
     * Demande de catalogue
     * Gestion de compte société
     * Livrez-vous ma localité ?
     * Question sur l'application mobile
     * Question sur le site WEB
     * Réclamation produit
          + - Livraison à domicile
          + - Magasin
     * Réclamation commerciale
          + - Livraison à domicile
          + - Magasin
     * Renseignement magasin
     * Renseignement produit
     * Suivi de commande et livraison
     * Divers
          + - Livraison à domicile
          + - Magasin

   Veuillez sélectionner l'objet de votre demande dans la liste déroulante

   Civilité :* [Monsieur]

   Nom :* ____________________
   Prénom :* ____________________

   E-mail :* ____________________

   Adresse :* ____________________

   Ville :* ____________________

   Code postal :* ____________________

   Magasin :* ____________________

   Code article :* ____________________

   Libellé article :* ____________________

   Société :* ____________________

   Contact :* ____________________

   Numéro de commande :* ____________________

   Numéro de lot :* ____________________

   Question :*
   ____________________________________________________________
   ____________________________________________________________
   ____________________________________________________________
   ____________________________________________________________

   Champ libre :*
   ____________________________________________________________
   ____________________________________________________________
   ____________________________________________________________
   ____________________________________________________________

   (send) Envoyer
   Votre demande a bien été envoyée

   Vos données à caractère personnel font l’objet d’un traitement mis en
   œuvre par la société PICARD SURGELES selon les modalités définies dans
   notre politique de données personnelles. Elles sont traitées sur la
   base de votre consentement afin de répondre à vos questions.

   Seuls ont accès aux données, dans la limite de leurs attributions
   respectives, (i) les services de la société PICARD SURGELES et (ii) les
   prestataires habilités à traiter vos données uniquement pour le compte
   de la société PICARD SURGELES.

   Les données à fournir de manière obligatoire sont indiquées comme
   telles sur le formulaire. Sans ces données, notre société ne sera pas
   en mesure de satisfaire votre demande.

   Conformément à la loi Informatique et libertés du 6 janvier 1978
   modifiée et au règlement européen général sur la protection des données
   à caractère personnel (UE) 2016/679 du 27 avril 2016, vous disposez
   d’un droit d’accès et d’un droit de rectification des données vous
   concernant et, s’ils sont applicables, d’un droit de suppression, d’un
   droit d’opposition au traitement de vos données, d’un droit à
   l’effacement et à la limitation du traitement ainsi que d’un droit à la
   portabilité de vos données. Vous disposez également du droit de définir
   des directives relatives au sort de vos données après votre décès. Vous
   pouvez exercer vos droits, à tout moment, en effectuant une demande
   écrite accompagnée d’un justificatif d’identité par voie électronique à
   l’adresse cnil@picard.fr ou par courrier postal adressé au Service
   Information Consommateur CS 30038 77797 Nemours. A tout moment vous
   pouvez gérer vos abonnements aux services proposés dans la rubrique
   « Mon Compte » sur picard.fr et dans l’application mobile. Vous
   disposez enfin du droit d’introduire une réclamation auprès de la
   Commission nationale de l’informatique et des libertés (Cnil).
   Vos données sont conservées pendant une durée de trois ans à compter de
   leur collecte ou du dernier contact. Les données permettant d'établir
   la preuve d'un droit ou d'un contrat, ou conservées au titre du respect
   d'une obligation légale sont archivées conformément aux dispositions en
   vigueur.




   Lorsque vous naviguez sur notre site internet, des informations sont
   susceptibles d'être enregistrées, ou lues, dans votre terminal, sous
   réserve de vos choix.

   Acceptez-vous le dépôt et la lecture de cookies afin que nous et nos
   partenaires puissions analyser vos centres d'intérêts pour vous
   proposer des publicités personnalisées ?* ( ) Oui ( ) Non

   Acceptez-vous le dépôt et la lecture de cookies afin que nous et nos
   partenaires puissions analyser vos centres d'intérêts pour vous
   proposer des publicités personnalisées ?* ( ) Oui ( ) Non

   Acceptez-vous le dépôt et/ou la lecture de cookies pour vous permettre
   de partager des contenus de notre site avec d'autres personnes ou de
   faire connaître à ces autres personnes votre consultation ou votre
   opinion  (boutons "J'aime" de Facebook par exemple) :* (*) Oui ( ) Non


   Livraison de surgelés à domicile Picard

   Livraison à domicile du Lundi au Samedi de 7h à 21h selon localités.
     * Contactez-nous
     * Appli iPhone et Android

   Vos courses et des idées gourmandes en quelques clics

   Picard&Moi Votre programme de fidélité
   Mon compte
   Rechercher un produi Submit

     *
     * Produits
     * Idées à cuisiner
     * Qualité & savoir-faire
     * Magasins
     * Mon compte
     *
     *
     *

   Vous n'avez pas sélectionné de produit Besoin d'aide ?
   Vous n'avez pas sélectionné de produit Besoin d'aide ?
     *
     *

     * Les rayons
     * Tout afficher

     * En cuisine
     *   Les légumes
     *   Les fruits
     *   Les viandes & volailles
     *   Les poissons & crustacés
     *   Les indispensables du cuisinier

     * À table !
     *   Les apéritifs
     *   Les entrées, tartes et salades
     *   Les plats cuisinés
     *   Cuisine évasion
     *   Les pains & viennoiseries
     *   Les pâtisseries
     *   Les glaces & sorbets
     *   L'épicerie

     * Des assiettes à part
     *   Les jours trop bons
     *   C'est nouveau
     *   Prix réduits
     *   Soupes et potages
     *   Tout à moins de 3 €
     *   Le bio & produits labellisés
     *   Les régimes alimentaires

   Nouveau Tout afficher

   Gratin de gnocchi, champignon de Paris,... la boîte de 200 g 10.00 €/kg
   Gratin de gnocchi, champignon de Paris, courgette
   2.00 €
   Ajouter à ma liste
   [Choisir une liste]
   Fermer
   ____________________ [BUTTON Input] (not implemented)__
   Fermer
   (Ajouter au panier) Ajouter au panier
   Qté ____________________ Plus Moins
   Prix réduits Tout afficher

   2 filets de daurade royale avec peau la boîte de 200 g 31.50 €/kg
   2 filets de daurade royale avec peau
   6.30 € 6.90 €
   Ajouter à ma liste
   [Choisir une liste]
   Fermer
   ____________________ [BUTTON Input] (not implemented)__
   Fermer
   (Ajouter au panier) Ajouter au panier
   Qté ____________________ Plus Moins
   Fermer
   Découvrez les recettes, les suggestions et les menus pour trouver des
   idées pour chaque plat.
   Idées à cuisiner Tout afficher
     * Les recettes
     * Toutes les recettes

   Les apéritifs Les apéritifs
   Les entrées Les entrées
   Les plats Les plats
   Les desserts Les desserts
     * Les suggestions

   La recette du mois
   La recette du mois

   Velouté de fèves à la menthe
   Découvrir
   L’inspiration Minute
   Fermer
   Les actualités Tout afficher

   La mirabelle de Lorraine : Cette petite prune ronde à la robe jaune
   intense arrive à maturité à la fin de l’été. Aussi délicieuse cuite
   q...
   Lire la suite
   La mirabelle de Lorraine

   La RSE chez Picard : bilan de notre engagement : Picard, un acteur
   engagé en matière de Responsabilité sociale et environnementale....
   Lire la suite
   La RSE chez Picard : bilan de notre engagement
   Picard vous répond
   Qualité et savoir-faire

   Qualité & Savoir-Faire

   Découvrez tous les sujets qui
   nourrissent l'alimentation,
   et nos réponses : petits secrets et grandes vérités au menu.
   Parcourir
     * Tendance et Innovation
       Tendance et Innovation
     * Santé et Nutrition
       Santé et Nutrition
     * Conservation et Cuisson
       Conservation et Cuisson
     * Nos Partenaires
       Nos Partenaires
     * Les webdocs Les webdocs

   Fermer
     * Mon compte
     * Fermer

     * accéder à mon compte
     * Mes paramètres
          + Mes informations personnelles
          + Mes abonnements
          + Mes adresses
          + Mes magasins Picard
          + Mes préférences
     * Mes commandes
          + Consulter mes commandes
     * Mes Favoris
          + Mes recettes
          + Mes listes de courses
          + Mes critères de recherche

   Se déconnecter
   Accueil    /
   Tous les rayons    /
   Tout à moins de 3 €
   Tout à moins de 3 € surgelé
     * Tout à moins de 3 €
     * Changer de rayon
          +  C'est nouveau
          +  Prix réduits
          +  Les légumes
          +  Les fruits
          +  Les viandes & volailles
          +  Les poissons & crustacés
          +  Les indispensables du cuisinier
          +  Les apéritifs
          +  Les entrées, tartes et salades
          +  Les plats cuisinés
          +  Cuisine évasion
          +  Les pains & viennoiseries
          +  Les pâtisseries
          +  Les glaces & sorbets
          +  L'épicerie
          +  Les jours trop bons
          +  Soupes et potages
          +  Tout à moins de 3 €
          +  Le bio & produits labellisés
          +  Les régimes alimentaires

Tout à moins de 3 €

   Découvrez plus de 400 produits à moins de 3 €, pour que chaque repas
   pris en famille, en solo, au saut du lit ou encore entre amis, soit un
   moment savoureux et équilibré. Fidèle à ses engagements, Picard vous
   propose un vaste choix de goûts et de saveurs pour varier les plaisirs
   tout au long de l'année.
   Trouver un produit Tomate, carpaccio, v Submit
   Recherche affinée Utilisez les critères pour trouver le produit de vos
   envies.
   [Mes critèress]
     * Afficher tous les produits
     * Afficher les suggestions du mois

   A table !
     * Les apéritifs
     * Les entrées et tartes
     * Les plats cuisinés
     * La cuisine évasion
     * Les pains et viennoiseries
     * Les pâtisseries
     * Les glaces et sorbets
     * L'épicerie

     *   La cuisine évasion

   Enregistrer ces critères

   [Nouveau]

   (BUTTON) OK Fermer
   Votre Critère a bien été créé
   Critère mis à jour
   Ce nom de critère existe déjà
   ____________________ (save_criteria) OK Fermer
   6 produits
     *
     *

   Trier par [Pertinence_________]

   6 perles de coco la boîte de 180 g 16.61 €/kg
   6 perles de coco
   Ajouter à ma liste
   [Choisir une liste]
   Fermer
   ____________________ [BUTTON Input] (not implemented)__
   Fermer
   (Ajouter au panier) Ajouter au panier
   Qté ____________________ Plus Moins
   ª  2.99 €
   8 onigiri aux légumes la boîte de 240 g 12.45 €/kg
   8 onigiri aux légumes
   Ajouter à ma liste
   [Choisir une liste]
   Fermer
   ____________________ [BUTTON Input] (not implemented)__
   Fermer
   (Ajouter au panier) Ajouter au panier
   Qté ____________________ Plus Moins
   ª  2.99 €
   8 nems au poulet avec sauce nuoc-mâm la boîte de 240 g 12.45 €/kg
   8 nems au poulet avec sauce nuoc-mâm
   Ajouter à ma liste
   [Choisir une liste]
   Fermer
   ____________________ [BUTTON Input] (not implemented)__
   Fermer
   (Ajouter au panier) Ajouter au panier
   Qté ____________________ Plus Moins
   ª  2.99 €
   2 Naans, galettes de blé le sachet de 120 g 16.58 €/kg
   2 Naans, galettes de blé
   Ajouter à ma liste
   [Choisir une liste]
   Fermer
   ____________________ [BUTTON Input] (not implemented)__
   Fermer
   (Ajouter au panier) Ajouter au panier
   Qté ____________________ Plus Moins
   ª  1.99 €
   Riz gluant au lait de coco et à la... la boîte de 120 g 16.25 €/kg
   Riz gluant au lait de coco et à la mangue
   Ajouter à ma liste
   [Choisir une liste]
   Fermer
   ____________________ [BUTTON Input] (not implemented)__
   Fermer
   (Ajouter au panier) Ajouter au panier
   Qté ____________________ Plus Moins
   ª  1.95 €
   - 30% avec la carte 8 nems aux légumes avec sauce... la boîte de 240 g
   12.45 €/kg
   [bandeau-picard-et-moi-2lignes.png]
   8 nems aux légumes avec sauce aigre-douce
   Ajouter à ma liste
   [Choisir une liste]
   Fermer
   ____________________ [BUTTON Input] (not implemented)__
   Fermer
   (Ajouter au panier) Ajouter au panier
   Qté ____________________ Plus Moins
   ª  2.99 €
   Haut de page
     *
     *

   Trier par [Pertinence_________]

   Clicking moves Picard vous répond

   “ Je viens de regarder un reportage TV qui concernait les "acides gras
   trans", c'est-à-dire hydrogénés... ”
   Lire la suite

   “ Pourriez-vous me confirmer que les informations nutritionnelles
   mentionnées sur vos emballages s’ent... ”
   Lire la suite

   “ Colin d’Alaska, colin lieu, quelles sont les différences ? ”
   Lire la suite

   “ A quoi correspondent exactement les pourcentages des « AJR » qui sont
   indiqués dans certains tableau... ”
   Lire la suite

   “ Picard propose de nombreux plats exotiques. Leur fabrication est-elle
   effectuée en France ? Certains... ”
   Lire la suite

   “ Quelle est la différence entre les mentions "production française" et
   "produit élaboré en France" ”
   Lire la suite

   “ L’emballage des produits BIO comporte 2 types d'informations sur
   l'origine avec une mention « Agric... ”
   Lire la suite

   “ Trouve-t-on des ajouts de conservateurs tels que les sulfites dans
   vos produits ? ”
   Lire la suite

   “ Je trouve le prix de vos filets de sole mer du Nord très élevé en
   comparaison avec les soles fraîche... ”
   Lire la suite

   “ Après cuisson des lobes de foie gras, je constate quelquefois une
   proportion de graisse importante. ... ”
   Lire la suite

   “ Pourquoi y a-t-il de la gélatine de porc dans certains de vos
   desserts glacés ? Est-ce vraiment néce... ”
   Lire la suite

   “ J’aimerais avoir la liste des herbes et aromates qui sont irradiés,
   car sur aucun de vos emballages ... ”
   Lire la suite

   “ Comment puis-je distinguer les poissons d'élevage des poissons
   sauvages parmi les espèces disponible... ”
   Lire la suite

   “ J'ai découvert récemment un nouveau logo pour la viande bovine
   Française. A quoi correspond ce logo ... ”
   Lire la suite

   “ Pourquoi certaines langoustines ont-elles des têtes vertes ? ”
   Lire la suite

   “ Pourquoi vos noix de Saint-Jacques ont-elles quelquefois très peu de
   corail ? Cela nuit à la présent... ”
   Lire la suite

   “ Comment puis-je m’assurer que le thon de couleur rouge que vous
   commercialisez en découpes ou dans l... ”
   Lire la suite

   “ Pourquoi ne trouve-t-on pas de « gambas » dans votre gamme ? Quelle
   est la différence avec des creve... ”
   Lire la suite

   “ Pourquoi ajoutez-vous du sucre dans certains de vos plats cuisinés ?
   Lorsque l'on souhaite réduire s... ”
   Lire la suite

   “ Je consomme beaucoup de légumes surgelés et j’aimerais m’assurer que
   les emballages ne renferment pa... ”
   Lire la suite

   “ Importez-vous des produits du Japon et quelles sont les conséquences
   sanitaires suite à l’incident d... ”
   Lire la suite

   “ J’ai entendu dire que Picard éditait un catalogue en braille pour les
   non-voyants. Qu’en est-il et o... ”
   Lire la suite

   “ Depuis quelques mois vous me livrez à domicile et j’aimerais savoir
   quelle est la quantité maximale ... ”
   Lire la suite

   “ Est-il possible de laver la glacière en coton équitable en machine à
   laver ? ”
   Lire la suite

   “ Je souhaiterais savoir si la teneur en pesticides des fruits et
   légumes que vous vendez est systémat... ”
   Lire la suite

   “ Pouvez-vous me confirmer que des poissons conservés plusieurs mois à
   l’état surgelé ne perdent pas l... ”
   Lire la suite

   “ Pouvez-vous me préciser ce que garantit le « LABEL ROUGE » sur vos
   brochettes de crevettes ? ”
   Lire la suite

   “ Plusieurs distributeurs ont pris la décision de ne plus
   commercialiser certaines espèces de poissons... ”
   Lire la suite

   “ Les mini-brochettes de poulet au miel et au thym sont excellentes,
   mais, surprise quand je découvre ... ”
   Lire la suite

   “ Pouvez-vous me préciser si les mono et diglycérides d’acides gras
   présents dans certains de vos prod... ”
   Lire la suite

   “ Quelle est la différence entre votre nouvelle gamme « Tout bon, tout
   veggie* » et les autres produit... ”
   Lire la suite

   “ Avez-vous des conseils pour décongeler rapidement des filets de
   poisson ? Est-il possible de les lai... ”
   Lire la suite

   “ Certains de vos produits contiennent de l'huile de palme. Quelle est
   votre politique en la matière ? ”
   Lire la suite

   “ Je souhaite savoir si vous réalisez toujours des tests ADN sur les
   viandes utilisées dans vos plats ... ”
   Lire la suite

   “ Que signifient les étoiles qui figurent à côté des dénominations de
   certaines viandes ? ”
   Lire la suite

   “ Pourquoi vos crevettes nordiques présentent souvent des œufs, alors
   que ce n'est jamais le cas pour ... ”
   Lire la suite

   “ J'achète régulièrement des biftecks hachés. J'aimerais savoir
   pourquoi il est écrit sur l'emballage ... ”
   Lire la suite

   “ Pour vos filets de poisson présentés avec peau, les valeurs
   nutritionnelles affichées sur l'emballag... ”
   Lire la suite

   “ Picard propose-t-il des produits sans gluten ? ”
   Lire la suite

   “ Je suis déçu par vos pavés de loup de mer, je ne retrouve pas les
   qualités du loup (bar) que j’ai l’... ”
   Lire la suite

   “ A l’heure du développement durable, pourquoi aller chercher des
   produits aux antipodes comme l’agnea... ”
   Lire la suite

   “ Pouvez-vous me préciser ce que signifie le logo «100% muscle» qui se
   trouve sur les emballages des s... ”
   Lire la suite

   “ Pourquoi tous vos poissons ne portent-ils pas l'écolabel MSC ? ”
   Lire la suite

   “ Pourquoi certains de vos ingrédients apparaissent en gras dans les
   listes d'ingrédients sur vos emba... ”
   Lire la suite

   “ J'ai remarqué que l'emballage des filets de colin lieu MSC, propose
   des informations sur l"origine e... ”
   Lire la suite

   “ Pourquoi avez-vous changé la recette de la quiche lorraine, qui est
   d'ailleurs plus chère qu'avant ? ”
   Lire la suite

   “ Comment savoir où sont fabriqués vos produits et d'où viennent les
   ingrédients utilisés dans les pré... ”
   Lire la suite

   “ J'ai remarqué que les sachets de julienne de légumes présentent
   souvent des blocs agglomérés et du g... ”
   Lire la suite

   “ Les légumes surgelés ont-ils des qualités nutritionnelles
   équivalentes aux légumes frais ? ”
   Lire la suite

   “ Vous vendez déjà des brochettes toutes prêtes. Avez-vous une offre si
   on souhaite les faire soi-même... ”
   Lire la suite

   “ Est-ce possible d’utiliser vos poissons pour une consommation crue,
   pour confectionner des sushis pa... ”
   Lire la suite

   “ J’aimerais en savoir plus sur vos engagements et vos actions pour le
   climat ? ”
   Lire la suite

   “ J’ai découvert récemment vos pavés de bonite à ventre rayé : vu l...
   ”
   Lire la suite

   “ J'ai remarqué un nouveau label sur vos produits de la mer, que
   signifie ASC ? ”
   Lire la suite

   “ Pourquoi l’emballage des myrtilles bio préconise-t-il de cuire les
   fruits ? N’est-il pas possible de... ”
   Lire la suite

   “ Quelle est la différence entre un produit congelé et un produit
   surgelé ? ”
   Lire la suite

   “ Où s’inscrire au programme de fidélité ? ”
   Lire la suite

   “ Comment trouver la liste d’ingrédient ou les valeurs nutritionnelles
   d’un produit ? ”
   Lire la suite

   “ Comment contacter le service consommateur ? ”
   Lire la suite

   “ Comment trouver le magasin le plus proche de chez moi ? ”
   Lire la suite

   “ Est-il possible de commander des chèques cadeaux Picard ? ”
   Lire la suite

   “ Puis-je payer en ticket restaurant mes achats ? ”
   Lire la suite

   “ Comment ajouter des produits à ma commande ? ”
   Lire la suite

   “ Mon code promo ne fonctionne pas ”
   Lire la suite

   “ Quelle est la date de validité des promotions ? ”
   Lire la suite

   “ Peut-on retirer sa commande en magasin ? ”
   Lire la suite

   “ J’aimerais des précisions sur la mention qui figure sur tous vos
   emballages «ne jamais recongeler un... ”
   Lire la suite

   “ Je suis bloqué sur ma commande, que faire ? ”
   Lire la suite

   “ Quel est le montant minimum pour se faire livrer ? ”
   Lire la suite

   “ Un décret récent impose l’indication de l’origine des viandes dans
   les produits pr&eac... ”
   Lire la suite

   “ Votre mélange de légumes pour potage est très pratique pour élaborer
   rap... ”
   Lire la suite

   “ Récemment, j’ai lu plusieurs articles concernant la dangerosité de
   l’additif dioxyde de titane : pou... ”
   Lire la suite

   “ Je trouve que certains de vos produits ont des emballages superflus,
   ce qui va à l’encontre des préo... ”
   Lire la suite

   “ J’achète régulièrement des Saint-Jacques qui viennent de pays
   éloignés (Chili, Argentine …), mais je... ”
   Lire la suite
   Clicking moves
   Clicking moves Santé & Nutrition

   “ Qui se cache réellement derrière ce que l’on appelle « légumes » ?
   Entre haricots verts, épinards, p... ”
   Lire la suite

   “ Manger cinq fruits et légumes par jour, c’est facile toute l’année.
   Mais pour profiter de leur saveu... ”
   Lire la suite

   “ Les français consomment en moyenne 10 g / jour de sel alors que les
   besoins sont évalués à 3 à 5 g /... ”
   Lire la suite

   “ Rien de tel qu’un grand bol de potage chaud pour se réchauffer et se
   réconforter. Mais saviez-vous q... ”
   Lire la suite

   “ Calorique, grasse, lourde... La pomme de terre n’a pas la vie facile
   avec toutes ces idées reçues ! ... ”
   Lire la suite

   “ Les sulfites : derrière ce nom bien étrange se cache un ingrédient
   que l’on retrouve tous les jours ... ”
   Lire la suite

   Lire la suite

   “ Depuis 35 ans, Picard engage tout son savoir-faire et son exigence
   pour garantir des produits de qua... ”
   Lire la suite

   “ Des poivrons en janvier, du concombre en novembre, c’est possible !
   Avec une gamme de 87 variétés de... ”
   Lire la suite

   “ Une noisette de beurre, un filet d’huile d’olive... Les matières
   grasses sont recommandées pour fair... ”
   Lire la suite

   “ Aujourd’hui, chaque français consomme, par an, 29 kilos de poissons,
   coquillages et crustacés. Soit ... ”
   Lire la suite

   “ « Faible teneur en sucres », « pauvre en sodium », « riche en
   minéraux », « allégé »... Les allégati... ”
   Lire la suite

   “ « Amines = nécessaires à la vie », les vitamines sont des molécules
   indispensables au bon fonctionne... ”
   Lire la suite

   Lire la suite

   “ Voilà plus de 20 ans déjà que Picard nous propose un pain
   croustillant et moelleux à cœur. Avec les ... ”
   Lire la suite

   “ De l’entrée au dessert, Picard vous propose désormais une gamme de
   marques crées pour les régimes sa... ”
   Lire la suite

   “ Les produits de la mer sont la matière première la plus
   commercialisée au monde. Au cours des 50 der... ”
   Lire la suite

   “ Le petit-déjeuner est le repas le plus important de la journée. Il
   évite le coup de fatigue de 11h e... ”
   Lire la suite

   “ Picard a mis en place des processus permettant d’offrir un poisson
   extra-frais, notamment issu d’une... ”
   Lire la suite

   “ La notion d'agriculture biologique n'est pas récente : ses principes
   ont été introduits en France ap... ”
   Lire la suite

   “ Partout en Asie, les légumes ont la part belle. On en profite pour
   découvrir le beau mélange de légu... ”
   Lire la suite

   “ Si le calcium est associé aux produits laitiers, saviez-vous que
   d'autres aliments comme le chou ou ... ”
   Lire la suite

   “ L’Auvergne est une région d’élevage de bovins qui produit une viande
   reconnue pour ses saveurs excep... ”
   Lire la suite

   “ Hautes qualités gustatives et nutritionnelles, grande fraîcheur,
   facilité d’utilisation… les produit... ”
   Lire la suite

   “ La fréquence des allergies alimentaires a doublé en 5 ans. Entre 4 et
   8,5% des enfants de moins de 3... ”
   Lire la suite

   Lire la suite

   “ L’Alaska est une terre du bout du monde. Dans ses eaux pures, on ne
   trouve que du poisson sauvage pê... ”
   Lire la suite

   Lire la suite

   Lire la suite

   “ Les amateurs de poissons crus sont de plus en plus nombreux en
   France. Rien de tel en effet pour ret... ”
   Lire la suite

   “ Comme le petit-déjeuner, le goûter est un repas indispensable à la
   bonne forme et au bien-être des e... ”
   Lire la suite

   “ Un peu de thym, une pincée d’aneth... les herbes aromatiques sont
   aujourd’hui presque automatiques. ... ”
   Lire la suite

   “ Chez Picard, la majorité des ventes de produits de la mer sauvages
   porte le label "Pêche durable MSC... ”
   Lire la suite

   Lire la suite

   Lire la suite

   Lire la suite

   “ Découvrez les engagements Picard en matière de produits labellisés,
   de produits élaborés en France e... ”
   Lire la suite

   “ Chaque année, l’agriculture biologique gagne du terrain avec un
   nombre croissant d’exploitants agric... ”
   Lire la suite

   Lire la suite

   “ Plus de 100 références de produits de la mer chez Picard pour se
   faire plaisir, cultiver chaque jour... ”
   Lire la suite

   “ Sources de nombreux nutriments, les produits de la mer sont
   excellents pour la santé. Tour d’horizon... ”
   Lire la suite

   “ Les falafels sont de délicieuses boulettes libanaises cuisinées à
   base de pois chiches, d’aromates, ... ”
   Lire la suite

   “ Cette petite prune ronde à la robe jaune intense arrive à maturité à
   la fin de l’été. Aussi délicieu... ”
   Lire la suite

   “ Avec la gamme + d’équilibre, Picard propose des plats équilibrés qui
   ne transigent pas avec le plais... ”
   Lire la suite

   “ Quel est le secret de la fraîcheur et de la finesse des Saint-Jacques
   françaises de Picard ? Sélecti... ”
   Lire la suite

   “ Avocat, edamame, myrtilles, lentilles, brocolis... Découvrez tous les
   bienfaits de ces savoureux pro... ”
   Lire la suite

   “ Margot est une jeune femme pétillante qui prend la vie côté healthy*
   et la partage généreusement via... ”
   Lire la suite

   “ Picard a mis le cap sur le régime végétarien depuis plusieurs années
   afin d’accompagner les choix al... ”
   Lire la suite

   Lire la suite
   Clicking moves
     * Produits
     * C'est nouveau
     * Prix réduits
     * En cuisine
     * Les légumes
     * Les fruits
     * Les viandes & volailles
     * Les poissons & crustacés
     * Les indispensables du cuisinier
     * À table !
     * Les apéritifs
     * Les entrées, tartes et salades
     * Les plats cuisinés
     * Cuisine évasion
     * Les pains & viennoiseries
     * Les pâtisseries
     * Les glaces & sorbets
     * L'épicerie
     * Des assiettes à part
     * Les jours trop bons
     * Soupes et potages
     * Tout à moins de 3 €
     * Le bio & produits labellisés
     * Les régimes alimentaires

     * Idées à cuisiner
     * Les apéritifs
     * Les entrées
     * Les plats
     * Les desserts
     * La recette du mois
     * L'inspiration Minute
     * Qualité & Savoir-faire
     * Les actualités
     * Tendance et Innovation
     * Santé et Nutrition
     * Conservation et Cuisson
     * Nos Partenaires
     * Picard vous répond
     * Les webdocs

   Magasins
   Retrouvez-nous sur
     * Facebook
     * Twitter
     * Youtube
     * Pinterest
     * Instagram

   Contactez-nous au 0 820 16 00 39 Du lundi au samedi de 8h à 19h.
     * Picard Entreprise
     * Qui sommes nous
     * Les valeurs Picard
     * Picard à votre service
     * Picard en chiffres
     * Travailler chez Picard
     * Recrutement
     * Informations financières / Financial Information
     * Espace Presse

   Rejoignez-nous !
     * Travailler chez Picard
     * Consulter les offres
     * Devenir franchisé Picard

     * Livraison à domicile
       Du lundi au samedi,
       de 7h à  21h selon localités.
     * Recettes & astuces
       Plus de 1500 fiches
       pratiques.
     * Le plus grand choix
       Tous les produits Picard :
       grands classiques et dernières nouveautés.

     * carte bleue
     * Visa
     * Master Card
     * American Express

     * FAQ
     * Guide de navigation
     * Plan du site
     * Contact
     * CGV et CGU du site
     * Conditions du programme picard et moi
     * Données personnelles et cookies

   tarif TTC valable du 16/09/2019 au 20/10/2019 dans nos magasins et en
   livraison à domicile (pour Paris, région parisienne et la plupart des
   grandes villes)
   RichNav Démarer la vidéo Creneaux
