   #alternate alternate

     * VIVA GLAM 25
     * NEU!
          + see (node/22144)
          + HOLIDAY KOLLEKTION KAUFEN
          + GESCHENKE FINDEN
     * PRODUKTE
          + Makeup
               o Augen
                    # Eye Shadow
                    # Eye Paletten
                    # Liner
                    # Mascara
                    # Brauen
                    # Wimpern
                    # Primer
               o Lippen
                    # Lippenstift
                    # Lip Pencil
                    # Lip Gloss
                    # Lippenpflege + Primer
                    # Lippen Paletten
                    # LIP COLOUR FINDER
               o Gesicht
                    # Foundation
                    # Puder
                    # Wangen
                    # Concealer
                    # Primer
                    # Highlighter
                    # BB + CC
               o Pro Produkte
                    # Augen
                    # Lippen
                    # Gesicht
                    # Wunderwaffen
          + Primer + Pflege
               o Make-up Entferner
               o Feuchtigkeitspflege
               o Primer
               o BB + CC
          + Sets
          + Reisegrössen
          + Pinsel + Werkzeuge
               o Pinsel
                    # Augen
                    # Lippen
                    # Gesicht
                    # Alle Pinsel
                    # Pinsel Kits
               o Werkzeuge
                    # Pro Palette
                    # Döschen & Fläschchen
                    # Applikatoren
                    # Accessoires
                    # Kosmetiktaschen
          + Duft
               o Turquatic
               o Shadescents
          + JETZT IM TREND
               o Festival Fever
               o Highlighter
               o Rote Lippen
               o Matte Lippen
          + VIPs
               o Prep + Prime
               o Pro Longwear
               o Mineralize
               o Lightful C
               o Studio
     * BESTSELLER
     * SALE
     * ANGEBOTE
     * Entdecken
          + M·A·C AIDS FUND
          + Die Artists
          + Videos
          + Wer wir sind
     * SERVICES
          + MAKE-UP SERVICE BUCHEN
          + STORES FINDEN
          + LIP COLOUR FINDER

   DEIN GESCHENK: TESTE JETZT 3 BESTSELLER-LIPSTICK SHADES BEI JEDER
   BESTELLUNG. YASSS

MAC Germany E-Commerce Site MAC Germany E-Commerce Site

     Viva Glam 25
     NEU!
          + Alle Kollektionen ansehen
          + M·A·C PONY PARK
          + LOVE ME LIPSTICKS
          + STUDIO FIX SOFT MATTE FOUNDATION STICK
          + GLOW GETTER KITS
     PRODUKTE
          + Makeup

AUGEN
               o Eye Shadow
               o Liner
               o Mascara
               o Brauen
               o Wimpern
               o Primer
               o Eye Paletten

Lippen
               o Lippenstift
               o Lip Gloss
               o Lip Pencil
               o Lippenpflege + Primer
               o Lippen Paletten
               o LIP COLOUR FINDER

GESICHT
               o Foundation
               o Puder
               o Blush
               o Highlighter & Contouring
               o Concealer
               o Primer
               o Wunderwaffen
               o BB + CC
               o Face Paletten

PRO PRODUKTE
               o AUGEN
               o Lippen
               o GESICHT
               o Wunderwaffen
            []
            []
          + PRIMER + PFLEGE
               o Make-up Entferner
               o Feuchtigkeitspflege
               o Primer
               o BB + CC
            PERFEKTIONIERE DEINEN<br>LOOK MIT PREP + PRIME<br>
            PERFEKTIONIERE DEINEN
            LOOK MIT PREP + PRIME
            BRING DEINE HAUT ZUM<br>STRAHLEN MIT LIGHTFUL C<br>
            BRING DEINE HAUT ZUM
            STRAHLEN MIT LIGHTFUL C
          + PINSEL + TOOLS

PINSEL
               o Augen
               o Lippen
               o Gesicht
               o ALLE PINSEL
               o Pinsel Kits

WERKZEUGE
               o Pro Palette
               o Döschen & Fläschchen
               o Applikatoren
               o Accessoires
               o Kosmetiktaschen
            BESTIMME DEINE PALETTE,<br>WÄHLE DEINE FARBNUANCEN<br>
            BESTIMME DEINE PALETTE,
            WÄHLE DEINE FARBNUANCEN
          + SETS
          + Reisegrössen
          + DUFT
               o Turquatic
               o Shadescents
          + JETZT IM TREND
               o Festival Fever
               o Highlighter
               o Rote Lippen
               o Matte Lippen
          + VIPs
               o Prep + Prime
               o Pro Longwear
               o Mineralize
               o Lightful C
               o Studio
     BESTSELLER
     Sale
     Angebote
     Entdecken
          + M·A·C AIDS FUND
          + DIE ARTISTS
          + Videos
          + Wer wir sind
     Services
          + MAKE-UP SERVICE BUCHEN
          + STORES FINDEN

     * Kontakt: (0) 800-90 10 200 (gebührenfrei)
     * Maile Uns

   ____________________ Submit
   0

   Bearbeiten
   Ihr Warenkorb
   In den Warenkorb gelegt

   Zwischensumme
   Zur Kasse

   VERSANDKOSTENFREI AB 25€
   My
   M·A·C
   Anmelden

   Anmelden
   My M·A·C

   BITTE GIB DEINE E-MAIL ADRESSE EIN.

   Haben Sie einen M•A•C Account oder schon mal eine Bewertung
   geschrieben? Registieren
   ____________________
   ____________________

   Haben Sie Ihr Passwort vergessen?
   ANMELDEN

oder

   Bitte stimmen Sie den AGB und der Datenschutzerklärung zu, um sich mit
   Ihrem Facebook-Profil anzumelden.
   []
   [ ] Mit Klick auf “Login mit Facebook” stimmen Sie unseren Allgemeinen
   Geschäftsbedingungen und Datenschutzbestimmungenunter MAC Cosmetics zu.
   Wie wir Ihre Daten verwenden? Mit dem Anklicken der Schaltfläche
   "Weiter mit Facebook" stimmen Sie der Verwendung Ihres Vor- und
   Nachnamens, Geburtstages, Geschlechts, Standortes, Alters und
   Beziehungsstatus zur Erstellung und Verwaltung Ihres Benutzerkontos zu.
   Ihre E-Mail-Adresse aus Ihrem öffentlichen Facebook Profil kann
   gespeichert werden, sollten Sie diese Auswahl getroffen haben. Alle
   weiteren, personenbezogenen Daten die Ihr öffentliches Facebook Profil
   beinhaltet, werden nicht von M∙A∙C gespeichert. Wenn Sie diesen
   Bedingungen nicht zustimmen möchten, nutzen Sie bitte die Option
   "Account anlegen". Sie können Ihre personenbezogenen Daten jederzeit
   einsehen, ändern oder löschen, indem Sie eine E-Mail an
   kundenservice@cs.de.maccosmetics.com senden. Für weitere Informationen
   zum Datenschutz der Estée Lauder Companies GmbH lesen Sie bitte unsere
   Datenschutzerklärung
   [ ] Ja, bitte senden Sie mir Emails mit Informationen, exklusive
   Angeboten, Neuheiten und Experten-Tipps zu.
   Wie wir Ihre Daten verwenden? Mit dem Anklicken der Auswahlbox stimmen
   Sie der Verwendung Ihrer E-Mail-Adresse für die Zusendung des
   Marketing-Newsletters und von Informationen zu M∙A∙C Produkten,
   Veranstaltungen und Angeboten zu. Sie können sich jederzeit durch das
   Anklicken des Abmelde-Links in jedem Newsletter wieder abmelden. Für
   weitere Informationen zum Datenschutz der Estée Lauder Companies GmbH
   lesen Sie bitte unsere Datenschutzerklärung.

     * Mein Profil
     * Profil
     * Bestellungen
     * Gekaufte Produkte
     * Meine Favoriten
     * Abmelden

   NEWSLETTER ABONNIEREN!
   Vielen Dank!

   Ich möchte von M∙A∙C Cosmetics über Produktneuheiten, Dienstleistungen,
   Events und Sonderangebote informiert werden und benachrichtigt werden,
   wenn Produkte online erhältlich sind, noch bevor sie in den Stores
   eintreffen.

   ____________________
   ____________________
   [ ]

   Bitte sehen Sie sich unsere Datenschutzerklärung genau an.

   Ihre E-Mail-Adresse wird nur für die Zusendung des
   Marketing-Newsletters und von Informationen zu MAC Produkten,
   Veranstaltungen und Angeboten verwendet. Sie können sich jederzeit
   durch das Anklicken des Abmelde-Links in jedem Newsletter wieder
   abmelden. Für weitere Informationen zum Datenschutz der Estée Lauder
   Companies GmbH lesen Sie bitte unsere Datenschutzerklärung.
   ABSENDEN

     You are currently signed in as:
   csr signout Session open for :
   Reset customer

     * Lippen /
     * Lippenstift /
     * Retro Matte Lipstick

   All Fired Up
   Leuchtendes Fuchsia
     * ÜBERSICHT
     * DETAILS

   Noch keine Bewertung

Retro Matte Lipstick

Eine langanhaltende Lippenstift Formel mit intensiver Farbpigmentierung und
komplett mattem Finish.

   €21.50
   3 g
   €716.67 / 100g
     * All Fired Up
     * Dangerous
     * Flat Out Fabulous
     * Relentlessly Red
     * Ruby Woo
     * Runway Hit

   (BUTTON) (BUTTON)

Vollständige Beschreibung

   M·A·C Lipstick – das Kult-Produkt, das M·A·C zum Erfolg führte. Diese
   langanhaltende Formel zeichnet sich durch starke Farbpigmentierung und
   ein komplett mattes Finish aus.

Eigenschaften und Produktnutzen

     * langanhaltend, 8 Stunden Halt
     * verblasst nicht
     * verläuft nicht

Anwendung

     * Den Lippenstift direkt auf die Lippen auftragen oder den 316 Brush
       für einen präziseren Auftrag verwenden.

Inhaltsstoffe

   Ingredients: Dimethicone , Isoeicosane , Kaolin , Ceresin , Paraffin ,
   Isononyl Isononanoate , Microcrystalline Wax \Cera
   Microcristallina\Cire Microcristalline , Silica , Caprylic/Capric
   Triglyceride , Copernicia Cerifera (Carnauba) Wax\Cera Carnauba\Cire De
   Carnauba , Hydrogenated Polyisobutene , Vanillin , Tocopherol ,
   Glyceryl Linoleate , Glyceryl Linolenate , Pvp/Hexadecene Copolymer ,
   Methicone , Triethoxycaprylylsilane , [+/- Mica , Titanium Dioxide (Ci
   77891) , Iron Oxides (Ci 77491, Ci 77492, Ci 77499) , Blue 1 Lake (Ci
   42090) , Bismuth Oxychloride (Ci 77163) , Carmine (Ci 75470) , Orange 5
   Lake (Ci 45370) , Red 6 (Ci 15850) , Red 6 Lake (Ci 15850) , Red 7 Lake
   (Ci 15850) , Red 28 Lake (Ci 45410) , Red 30 Lake (Ci 73360) , Red 33
   Lake (Ci 17200) , Yellow 5 Lake (Ci 19140) , Yellow 6 Lake (Ci 15985) ,
   Yellow 10 Lake (Ci 47005)]

   Bitte beachte, dass die Liste der Inhaltsstoffe von Zeit zu Zeit
   variieren kann. Für eine exakte Angabe, schau Dir bitte die
   Inhaltsstoffe auf der Produktverpackung an.
   Zu Favoriten hinzufügen
   Zu Favoriten hinzugefügt
   Hinzugefügt zu den Favoriten!
   In den Warenkorb legen
   Zurzeit ausverkauft
   Zurzeit ausverkauft
   Bald erhältlich
   Sorry, dieses Produkt wird nicht mehr angeboten
   Ausverkauft

   Postleitzahl angeben, um den voraussichtlichen Liefertermin für
   lieferbare Produkte zu erfahren
   ____________________
   (BUTTON) Ausführen
   AGB's und Nutzungsbedingungen
   Der voraussichtliche Liefertermin gilt für Produkte, die vorrätig sind
   und kann, abhängig von der Versandart, nicht immer genannt werden. Der
   voraussichtliche Liefertermin gibt lediglich an, wann ein versendeter
   Artikel ungefähr bei Ihnen eintreffen wird. Der Termin kann sich
   ändern. Den voraussichtlichen Versandtermin bei Vorbestellungen
   erfahren Sie auf der Produktseite. Wir geben uns große Mühe, möglichst
   genaue Angaben zum Liefertermin zu machen. Sobald Ihre Sendung das
   Lager verlassen hat, können Sie mit Hilfe der Tracking-Nummer den
   Status Ihrer Bestellung nachverfolgen. Die Tracking-Nummer erhalten Sie
   in der Bestätigungs E-Mail.

Voraussichtlicher Liefertermin

Versandart

   @maccosmeticsdeutschland

SOCIAL SKILLS

   Zeige uns Deine legendären Lieblings-Looks! #MACSTYLE

   Das könnte Dir auch gefallen …

Passt gut zu

   Zurzeit ausverkauft

Plenty of Pout Plumping Lip Gloss

   €18.50
   4 ml
   €462.50 / 100ml
   In den Warenkorb legen
   Zurzeit ausverkauft
   Zurzeit ausverkauft
   Bald erhältlich
   Sorry, dieses Produkt wird nicht mehr angeboten
   Ausverkauft
   Zurzeit ausverkauft

Lip Pencil

   €18.00
   1.45 g
   €1241.38 / 100g
   Shop 28 Farben
   Zurzeit ausverkauft
   Zurzeit ausverkauft
   Bald erhältlich
   Sorry, dieses Produkt wird nicht mehr angeboten
   Ausverkauft
   Zurzeit ausverkauft

Prep + Prime Lip

   €19.50
   1.7 g
   €1147.06 / 100g
   In den Warenkorb legen
   Zurzeit ausverkauft
   Zurzeit ausverkauft
   Bald erhältlich
   Sorry, dieses Produkt wird nicht mehr angeboten
   Ausverkauft
   Zurzeit ausverkauft

Lip Conditioner (Tube)

   €18.00
   15 ml
   €120.00 / 100ml
   In den Warenkorb legen
   Zurzeit ausverkauft
   Zurzeit ausverkauft
   Bald erhältlich
   Sorry, dieses Produkt wird nicht mehr angeboten
   Ausverkauft
   Zurzeit ausverkauft

318 Synthetic Retractable Lip Brush

   €30.00
   1 Stck
   €30.00 / 1Stck
   In den Warenkorb legen
   Zurzeit ausverkauft
   Zurzeit ausverkauft
   Bald erhältlich
   Sorry, dieses Produkt wird nicht mehr angeboten
   Ausverkauft
   Zurzeit ausverkauft

Lip Scrubtious

   €18.00
   15 ml
   €120.00 / 100ml
   Shop 5 Farben
   Zurzeit ausverkauft
   Zurzeit ausverkauft
   Bald erhältlich
   Sorry, dieses Produkt wird nicht mehr angeboten
   Ausverkauft
   Produktbewertungen

Eure wahre Meinung

Benötigen sie hilfe?

   Telefon 0800-90 10 200

DEIN M·A·C STORE

     * M·A·C STORE SUCHEN
     * BUCHE DEINEN MAKE-UP SERVICE TERMIN IM STORE
     * ALLE MAKE-UP SERVICES

Kundenservice

     * Kontakt
     * Kundenservice Hotline
     * Häufige fragen
     * Bestellstatus
     * Versandinformationen
     * Widerrufsrecht
     * 6 GUTE GRÜNDE BEI M∙A∙C ONLINE EINZUKAUFEN

Über uns

     * M·A·C Pro Mitgliedschaft
     * M·A·C AIDS Fund
     * Wer wir sind
     * Karriere
     * Tierversuche
     * BACK2MAC

MY M·A·C

     * Kundenprofil
     * Bestellhistorie
     * Favoriten

Connect

     *
     *
     *
     *
     *
     *

LAND WÄHLEN

   Deutschland

   /

     * KUNDENSERVICE
          + KONTAKT
          + HÄUFIGE FRAGEN
          + BESTELLHISTORIE
          + VERSANDINFORMATIONEN
          + WIDERRUFSRECHT
          + 6 GUTE GRÜNDE BEI M∙A∙C ONLINE EINZUKAUFEN
     * ÜBER UNS
          + WER WIR SIND
          + M∙A∙C AIDS FUND
          + M∙A∙C PRO MITGLIEDSCHAFT
          + KARRIERE
          + Tierversuche
          + BACK2MAC
     * M∙A∙C STORE SUCHEN
     * ALLE MAKE-UP SERVICES
     * NEWSLETTER ABONNIEREN
     * Mein profil / Anmelden
     * BUCHE DEINEN MAKE-UP SERVICE TERMIN IM STORE

Connect

     *
     *
     *
     *
     *
     *

     * DATENSCHUTZ
     * AGB
     * FÄLSCHUNGEN
     * NUTZUNGSBEDINGUNGEN
     * IMPRESSUM
     * Cookies der Webseite verwalten
     * © Make-Up Art Cosmetics. Alle weltweiten rechte vorbehalten.

     * DATENSCHUTZ
     * AGB
     * FÄLSCHUNGEN
     * NUTZUNGSBEDINGUNGEN
     * IMPRESSUM
     * Cookies der Webseite verwalten

   © Make-Up Art Cosmetics. Alle weltweiten rechte vorbehalten.
   #alternate alternate

     * VIVA GLAM 25
     * NEU!
          + see (node/22144)
          + HOLIDAY KOLLEKTION KAUFEN
          + GESCHENKE FINDEN
     * PRODUKTE
          + Makeup
               o Augen
                    # Eye Shadow
                    # Eye Paletten
                    # Liner
                    # Mascara
                    # Brauen
                    # Wimpern
                    # Primer
               o Lippen
                    # Lippenstift
                    # Lip Pencil
                    # Lip Gloss
                    # Lippenpflege + Primer
                    # Lippen Paletten
                    # LIP COLOUR FINDER
               o Gesicht
                    # Foundation
                    # Puder
                    # Wangen
                    # Concealer
                    # Primer
                    # Highlighter
                    # BB + CC
               o Pro Produkte
                    # Augen
                    # Lippen
                    # Gesicht
                    # Wunderwaffen
          + Primer + Pflege
               o Make-up Entferner
               o Feuchtigkeitspflege
               o Primer
               o BB + CC
          + Sets
          + Reisegrössen
          + Pinsel + Werkzeuge
               o Pinsel
                    # Augen
                    # Lippen
                    # Gesicht
                    # Alle Pinsel
                    # Pinsel Kits
               o Werkzeuge
                    # Pro Palette
                    # Döschen & Fläschchen
                    # Applikatoren
                    # Accessoires
                    # Kosmetiktaschen
          + Duft
               o Turquatic
               o Shadescents
          + JETZT IM TREND
               o Festival Fever
               o Highlighter
               o Rote Lippen
               o Matte Lippen
          + VIPs
               o Prep + Prime
               o Pro Longwear
               o Mineralize
               o Lightful C
               o Studio
     * BESTSELLER
     * SALE
     * ANGEBOTE
     * Entdecken
          + M·A·C AIDS FUND
          + Die Artists
          + Videos
          + Wer wir sind
     * SERVICES
          + MAKE-UP SERVICE BUCHEN
          + STORES FINDEN
          + LIP COLOUR FINDER

   DEIN GESCHENK: TESTE JETZT 3 BESTSELLER-LIPSTICK SHADES BEI JEDER
   BESTELLUNG. YASSS

MAC Germany E-Commerce Site MAC Germany E-Commerce Site

     Viva Glam 25
     NEU!
          + Alle Kollektionen ansehen
          + M·A·C PONY PARK
          + LOVE ME LIPSTICKS
          + STUDIO FIX SOFT MATTE FOUNDATION STICK
          + GLOW GETTER KITS
     PRODUKTE
          + Makeup

AUGEN
               o Eye Shadow
               o Liner
               o Mascara
               o Brauen
               o Wimpern
               o Primer
               o Eye Paletten

Lippen
               o Lippenstift
               o Lip Gloss
               o Lip Pencil
               o Lippenpflege + Primer
               o Lippen Paletten
               o LIP COLOUR FINDER

GESICHT
               o Foundation
               o Puder
               o Blush
               o Highlighter & Contouring
               o Concealer
               o Primer
               o Wunderwaffen
               o BB + CC
               o Face Paletten

PRO PRODUKTE
               o AUGEN
               o Lippen
               o GESICHT
               o Wunderwaffen
            []
            []
          + PRIMER + PFLEGE
               o Make-up Entferner
               o Feuchtigkeitspflege
               o Primer
               o BB + CC
            PERFEKTIONIERE DEINEN<br>LOOK MIT PREP + PRIME<br>
            PERFEKTIONIERE DEINEN
            LOOK MIT PREP + PRIME
            BRING DEINE HAUT ZUM<br>STRAHLEN MIT LIGHTFUL C<br>
            BRING DEINE HAUT ZUM
            STRAHLEN MIT LIGHTFUL C
          + PINSEL + TOOLS

PINSEL
               o Augen
               o Lippen
               o Gesicht
               o ALLE PINSEL
               o Pinsel Kits

WERKZEUGE
               o Pro Palette
               o Döschen & Fläschchen
               o Applikatoren
               o Accessoires
               o Kosmetiktaschen
            BESTIMME DEINE PALETTE,<br>WÄHLE DEINE FARBNUANCEN<br>
            BESTIMME DEINE PALETTE,
            WÄHLE DEINE FARBNUANCEN
          + SETS
          + Reisegrössen
          + DUFT
               o Turquatic
               o Shadescents
          + JETZT IM TREND
               o Festival Fever
               o Highlighter
               o Rote Lippen
               o Matte Lippen
          + VIPs
               o Prep + Prime
               o Pro Longwear
               o Mineralize
               o Lightful C
               o Studio
     BESTSELLER
     Sale
     Angebote
     Entdecken
          + M·A·C AIDS FUND
          + DIE ARTISTS
          + Videos
          + Wer wir sind
     Services
          + MAKE-UP SERVICE BUCHEN
          + STORES FINDEN

     * Kontakt: (0) 800-90 10 200 (gebührenfrei)
     * Maile Uns

   ____________________ Submit
   0

   Bearbeiten
   Ihr Warenkorb
   In den Warenkorb gelegt

   Zwischensumme
   Zur Kasse

   VERSANDKOSTENFREI AB 25€
   My
   M·A·C
   Anmelden

   Anmelden
   My M·A·C

   BITTE GIB DEINE E-MAIL ADRESSE EIN.

   Haben Sie einen M•A•C Account oder schon mal eine Bewertung
   geschrieben? Registieren
   ____________________
   ____________________

   Haben Sie Ihr Passwort vergessen?
   ANMELDEN

oder

   Bitte stimmen Sie den AGB und der Datenschutzerklärung zu, um sich mit
   Ihrem Facebook-Profil anzumelden.
   []
   [ ] Mit Klick auf “Login mit Facebook” stimmen Sie unseren Allgemeinen
   Geschäftsbedingungen und Datenschutzbestimmungenunter MAC Cosmetics zu.
   Wie wir Ihre Daten verwenden? Mit dem Anklicken der Schaltfläche
   "Weiter mit Facebook" stimmen Sie der Verwendung Ihres Vor- und
   Nachnamens, Geburtstages, Geschlechts, Standortes, Alters und
   Beziehungsstatus zur Erstellung und Verwaltung Ihres Benutzerkontos zu.
   Ihre E-Mail-Adresse aus Ihrem öffentlichen Facebook Profil kann
   gespeichert werden, sollten Sie diese Auswahl getroffen haben. Alle
   weiteren, personenbezogenen Daten die Ihr öffentliches Facebook Profil
   beinhaltet, werden nicht von M∙A∙C gespeichert. Wenn Sie diesen
   Bedingungen nicht zustimmen möchten, nutzen Sie bitte die Option
   "Account anlegen". Sie können Ihre personenbezogenen Daten jederzeit
   einsehen, ändern oder löschen, indem Sie eine E-Mail an
   kundenservice@cs.de.maccosmetics.com senden. Für weitere Informationen
   zum Datenschutz der Estée Lauder Companies GmbH lesen Sie bitte unsere
   Datenschutzerklärung
   [ ] Ja, bitte senden Sie mir Emails mit Informationen, exklusive
   Angeboten, Neuheiten und Experten-Tipps zu.
   Wie wir Ihre Daten verwenden? Mit dem Anklicken der Auswahlbox stimmen
   Sie der Verwendung Ihrer E-Mail-Adresse für die Zusendung des
   Marketing-Newsletters und von Informationen zu M∙A∙C Produkten,
   Veranstaltungen und Angeboten zu. Sie können sich jederzeit durch das
   Anklicken des Abmelde-Links in jedem Newsletter wieder abmelden. Für
   weitere Informationen zum Datenschutz der Estée Lauder Companies GmbH
   lesen Sie bitte unsere Datenschutzerklärung.

     * Mein Profil
     * Profil
     * Bestellungen
     * Gekaufte Produkte
     * Meine Favoriten
     * Abmelden

   NEWSLETTER ABONNIEREN!
   Vielen Dank!

   Ich möchte von M∙A∙C Cosmetics über Produktneuheiten, Dienstleistungen,
   Events und Sonderangebote informiert werden und benachrichtigt werden,
   wenn Produkte online erhältlich sind, noch bevor sie in den Stores
   eintreffen.

   ____________________
   ____________________
   [ ]

   Bitte sehen Sie sich unsere Datenschutzerklärung genau an.

   Ihre E-Mail-Adresse wird nur für die Zusendung des
   Marketing-Newsletters und von Informationen zu MAC Produkten,
   Veranstaltungen und Angeboten verwendet. Sie können sich jederzeit
   durch das Anklicken des Abmelde-Links in jedem Newsletter wieder
   abmelden. Für weitere Informationen zum Datenschutz der Estée Lauder
   Companies GmbH lesen Sie bitte unsere Datenschutzerklärung.
   ABSENDEN

     You are currently signed in as:
   csr signout Session open for :
   Reset customer

Lippen

Lippenstift

Lippenstift

Matte Lip Mousse / Pony Park

   €24.00
   7 ml - €342.86 / 100ml
   Zurzeit ausverkauft

   Shop 9 Farben
   7 ml
   €24.00
   7 ml - €342.86 / 100ml
   In den Warenkorb legen
     * Benachrichtigen Sie mich
       Zurzeit ausverkauft
       Zurzeit ausverkauft
     * Bald erhältlich
     * Sorry, dieses Produkt wird nicht mehr angeboten
     * Ausverkauft
     *

   Shop 9 Farben
     * My Better Half
       Zurzeit ausverkauft
       Bald erhältlich
       Nicht mehr im Sortiment
       Ausverkauft
     * Moot Point
       Zurzeit ausverkauft
       Bald erhältlich
       Nicht mehr im Sortiment
       Ausverkauft
     * Cordon Bleu
       Zurzeit ausverkauft
       Bald erhältlich
       Nicht mehr im Sortiment
       Ausverkauft
     * One-Hit Sharp Cookie
       Zurzeit ausverkauft
       Bald erhältlich
       Nicht mehr im Sortiment
       Ausverkauft
     * Off the Record
       Zurzeit ausverkauft
       Bald erhältlich
       Nicht mehr im Sortiment
       Ausverkauft
     * Love is Blind
       Zurzeit ausverkauft
       Bald erhältlich
       Nicht mehr im Sortiment
       Ausverkauft
     * Stone's Throw
       Zurzeit ausverkauft
       Bald erhältlich
       Nicht mehr im Sortiment
       Ausverkauft
     * Beck and Call
       Zurzeit ausverkauft
       Bald erhältlich
       Nicht mehr im Sortiment
       Ausverkauft
     * Privacy Please
       Zurzeit ausverkauft
       Bald erhältlich
       Nicht mehr im Sortiment
       Ausverkauft

   Farben-Vorschau

Love Me Lipstick

   Liebe auf den ersten "Swipe"!

   €21.50
   3 g - €716.67 / 100g
   Zurzeit ausverkauft

   Shop 24 Farben
   3 g
   €21.50
   3 g - €716.67 / 100g
   In den Warenkorb legen
     * Benachrichtigen Sie mich
       Zurzeit ausverkauft
       Zurzeit ausverkauft
     * Bald erhältlich
     * Sorry, dieses Produkt wird nicht mehr angeboten
     * Ausverkauft
     *

   Shop 24 Farben
     * French Silk
       Zurzeit ausverkauft
       Bald erhältlich
       Nicht mehr im Sortiment
       Ausverkauft
     * Vanity Bonfire
       Zurzeit ausverkauft
       Bald erhältlich
       Nicht mehr im Sortiment
       Ausverkauft
     * Under The Covers
       Zurzeit ausverkauft
       Bald erhältlich
       Nicht mehr im Sortiment
       Ausverkauft
     * Pure Nonchalance
       Zurzeit ausverkauft
       Bald erhältlich
       Nicht mehr im Sortiment
       Ausverkauft
     * Laissez-Faire
       Zurzeit ausverkauft
       Bald erhältlich
       Nicht mehr im Sortiment
       Ausverkauft
     * Daddy’s Girl
       Zurzeit ausverkauft
       Bald erhältlich
       Nicht mehr im Sortiment
       Ausverkauft
     * Très Blasé
       Zurzeit ausverkauft
       Bald erhältlich
       Nicht mehr im Sortiment
       Ausverkauft
     * Hey, Frenchie!
       Zurzeit ausverkauft
       Bald erhältlich
       Nicht mehr im Sortiment
       Ausverkauft
     * Let Them Eat Cake!
       Zurzeit ausverkauft
       Bald erhältlich
       Nicht mehr im Sortiment
       Ausverkauft
     * You’re So Vain
       Zurzeit ausverkauft
       Bald erhältlich
       Nicht mehr im Sortiment
       Ausverkauft
     * Shamelessly Vain
       Zurzeit ausverkauft
       Bald erhältlich
       Nicht mehr im Sortiment
       Ausverkauft
     * My Little Secret
       Zurzeit ausverkauft
       Bald erhältlich
       Nicht mehr im Sortiment
       Ausverkauft
     * Nine Lives
       Zurzeit ausverkauft
       Bald erhältlich
       Nicht mehr im Sortiment
       Ausverkauft
     * Give Me Fever
       Zurzeit ausverkauft
       Bald erhältlich
       Nicht mehr im Sortiment
       Ausverkauft
     * E For Effortless
       Zurzeit ausverkauft
       Bald erhältlich
       Nicht mehr im Sortiment
       Ausverkauft
     * As If I Care
       Zurzeit ausverkauft
       Bald erhältlich
       Nicht mehr im Sortiment
       Ausverkauft
     * Mon Coeur
       Zurzeit ausverkauft
       Bald erhältlich
       Nicht mehr im Sortiment
       Ausverkauft
     * Joie De Vivre
       Zurzeit ausverkauft
       Bald erhältlich
       Nicht mehr im Sortiment
       Ausverkauft
     * Coffee & Cigs
       Zurzeit ausverkauft
       Bald erhältlich
       Nicht mehr im Sortiment
       Ausverkauft
     * Killing Me Softly
       Zurzeit ausverkauft
       Bald erhältlich
       Nicht mehr im Sortiment
       Ausverkauft
     * DGAF
       Zurzeit ausverkauft
       Bald erhältlich
       Nicht mehr im Sortiment
       Ausverkauft
     * Bated Breath
       Zurzeit ausverkauft
       Bald erhältlich
       Nicht mehr im Sortiment
       Ausverkauft
     * Maison Rouge
       Zurzeit ausverkauft
       Bald erhältlich
       Nicht mehr im Sortiment
       Ausverkauft
     * La Femme
       Zurzeit ausverkauft
       Bald erhältlich
       Nicht mehr im Sortiment
       Ausverkauft

   Farben-Vorschau

Powder Kiss Lipstick

   Schwereloses, softes Matt, Feuchtigkeitsspendend, Sanfte Linien und
   weiche Lippen

   €21.50
   3 g - €716.67 / 100g
   Zurzeit ausverkauft

   Shop 24 Farben
   3 g
   €21.50
   3 g - €716.67 / 100g
   In den Warenkorb legen
     * Benachrichtigen Sie mich
       Zurzeit ausverkauft
       Zurzeit ausverkauft
     * Bald erhältlich
     * Sorry, dieses Produkt wird nicht mehr angeboten
     * Ausverkauft
     *

   Shop 24 Farben
     * P For Potent
       Zurzeit ausverkauft
       Bald erhältlich
       Nicht mehr im Sortiment
       Ausverkauft
     * Mandarin O
       Zurzeit ausverkauft
       Bald erhältlich
       Nicht mehr im Sortiment
       Ausverkauft
     * Best Of Me
       Zurzeit ausverkauft
       Bald erhältlich
       Nicht mehr im Sortiment
       Ausverkauft
     * Sexy, But Sweet
       Zurzeit ausverkauft
       Bald erhältlich
       Nicht mehr im Sortiment
       Ausverkauft
     * Lasting Passion
       Zurzeit ausverkauft
       Bald erhältlich
       Nicht mehr im Sortiment
       Ausverkauft
     * My Tweedy
       Zurzeit ausverkauft
       Bald erhältlich
       Nicht mehr im Sortiment
       Ausverkauft
     * Sultriness
       Zurzeit ausverkauft
       Bald erhältlich
       Nicht mehr im Sortiment
       Ausverkauft
     * Influentially It
       Zurzeit ausverkauft
       Bald erhältlich
       Nicht mehr im Sortiment
       Ausverkauft
     * Werk, Werk, Werk
       Zurzeit ausverkauft
       Bald erhältlich
       Nicht mehr im Sortiment
       Ausverkauft
     * Sultry Move
       Zurzeit ausverkauft
       Bald erhältlich
       Nicht mehr im Sortiment
       Ausverkauft
     * Devoted To Chili
       Zurzeit ausverkauft
       Bald erhältlich
       Nicht mehr im Sortiment
       Ausverkauft
     * A Little Tamed
       Zurzeit ausverkauft
       Bald erhältlich
       Nicht mehr im Sortiment
       Ausverkauft
     * Mull It Over
       Zurzeit ausverkauft
       Bald erhältlich
       Nicht mehr im Sortiment
       Ausverkauft
     * Impulsive
       Zurzeit ausverkauft
       Bald erhältlich
       Nicht mehr im Sortiment
       Ausverkauft
     * Velvet Punch
       Zurzeit ausverkauft
       Bald erhältlich
       Nicht mehr im Sortiment
       Ausverkauft
     * Shocking Revelation
       Zurzeit ausverkauft
       Bald erhältlich
       Nicht mehr im Sortiment
       Ausverkauft
     * Scattered Petals
       Zurzeit ausverkauft
       Bald erhältlich
       Nicht mehr im Sortiment
       Ausverkauft
     * Sweet, No Sugar
       Zurzeit ausverkauft
       Bald erhältlich
       Nicht mehr im Sortiment
       Ausverkauft
     * Burning Love
       Zurzeit ausverkauft
       Bald erhältlich
       Nicht mehr im Sortiment
       Ausverkauft
     * Reverence
       Zurzeit ausverkauft
       Bald erhältlich
       Nicht mehr im Sortiment
       Ausverkauft
     * Ripened
       Zurzeit ausverkauft
       Bald erhältlich
       Nicht mehr im Sortiment
       Ausverkauft
     * Fall In Love
       Zurzeit ausverkauft
       Bald erhältlich
       Nicht mehr im Sortiment
       Ausverkauft
     * Style Shocked!
       Zurzeit ausverkauft
       Bald erhältlich
       Nicht mehr im Sortiment
       Ausverkauft
     * Stay Curious
       Zurzeit ausverkauft
       Bald erhältlich
       Nicht mehr im Sortiment
       Ausverkauft

   Farben-Vorschau

Matte Lipstick

   Cremig, volle Deckkraft, mattes Finish

   €21.50
   3 g - €716.67 / 100g
   Zurzeit ausverkauft

   Shop 44 Farben
   3 g
   €21.50
   3 g - €716.67 / 100g
   In den Warenkorb legen
     * Benachrichtigen Sie mich
       Zurzeit ausverkauft
       Zurzeit ausverkauft
     * Bald erhältlich
     * Sorry, dieses Produkt wird nicht mehr angeboten
     * Ausverkauft
     *

   Shop 44 Farben
     * Marrakesh
       Zurzeit ausverkauft
       Bald erhältlich
       Nicht mehr im Sortiment
       Ausverkauft
     * Soar
       Zurzeit ausverkauft
       Bald erhältlich
       Nicht mehr im Sortiment
       Ausverkauft
     * Mehr
       Zurzeit ausverkauft
       Bald erhältlich
       Nicht mehr im Sortiment
       Ausverkauft
     * Down to an Art
       Zurzeit ausverkauft
       Bald erhältlich
       Nicht mehr im Sortiment
       Ausverkauft
     * You Wouldn't Get It
       Zurzeit ausverkauft
       Bald erhältlich
       Nicht mehr im Sortiment
       Ausverkauft
     * Bronx
       Zurzeit ausverkauft
       Bald erhältlich
       Nicht mehr im Sortiment
       Ausverkauft
     * Velvet Teddy
       Zurzeit ausverkauft
       Bald erhältlich
       Nicht mehr im Sortiment
       Ausverkauft
     * Derrière
       Zurzeit ausverkauft
       Bald erhältlich
       Nicht mehr im Sortiment
       Ausverkauft
     * Love U Back
       Zurzeit ausverkauft
       Bald erhältlich
       Nicht mehr im Sortiment
       Ausverkauft
     * Kinkster
       Zurzeit ausverkauft
       Bald erhältlich
       Nicht mehr im Sortiment
       Ausverkauft
     * Double Fudge
       Zurzeit ausverkauft
       Bald erhältlich
       Nicht mehr im Sortiment
       Ausverkauft
     * Consensual
       Zurzeit ausverkauft
       Bald erhältlich
       Nicht mehr im Sortiment
       Ausverkauft
     * Bareback
       Zurzeit ausverkauft
       Bald erhältlich
       Nicht mehr im Sortiment
       Ausverkauft
     * Whirl
       Zurzeit ausverkauft
       Bald erhältlich
       Nicht mehr im Sortiment
       Ausverkauft
     * Really Me
       Zurzeit ausverkauft
       Bald erhältlich
       Nicht mehr im Sortiment
       Ausverkauft
     * Breathing Fire
       Zurzeit ausverkauft
       Bald erhältlich
       Nicht mehr im Sortiment
       Ausverkauft
     * Mangrove
       Zurzeit ausverkauft
       Bald erhältlich
       Nicht mehr im Sortiment
       Ausverkauft
     * Red Rock
       Zurzeit ausverkauft
       Bald erhältlich
       Nicht mehr im Sortiment
       Ausverkauft
     * In The Spirit
       Zurzeit ausverkauft
       Bald erhältlich
       Nicht mehr im Sortiment
       Ausverkauft
     * Punk Couture
       Zurzeit ausverkauft
       Bald erhältlich
       Nicht mehr im Sortiment
       Ausverkauft
     * Antique Velvet
       Zurzeit ausverkauft
       Bald erhältlich
       Nicht mehr im Sortiment
       Ausverkauft
     * Candy Yum-Yum
       Zurzeit ausverkauft
       Bald erhältlich
       Nicht mehr im Sortiment
       Ausverkauft
     * Chili
       Zurzeit ausverkauft
       Bald erhältlich
       Nicht mehr im Sortiment
       Ausverkauft
     * D for Danger
       Zurzeit ausverkauft
       Bald erhältlich
       Nicht mehr im Sortiment
       Ausverkauft
     * Diva
       Zurzeit ausverkauft
       Bald erhältlich
       Nicht mehr im Sortiment
       Ausverkauft
     * Heroine
       Zurzeit ausverkauft
       Bald erhältlich
       Nicht mehr im Sortiment
       Ausverkauft
     * Honeylove
       Zurzeit ausverkauft
       Bald erhältlich
       Nicht mehr im Sortiment
       Ausverkauft
     * Instigator
       Zurzeit ausverkauft
       Bald erhältlich
       Nicht mehr im Sortiment
       Ausverkauft
     * Kinda Sexy
       Zurzeit ausverkauft
       Bald erhältlich
       Nicht mehr im Sortiment
       Ausverkauft
     * Lady Danger
       Zurzeit ausverkauft
       Bald erhältlich
       Nicht mehr im Sortiment
       Ausverkauft
     * Matte Royal
       Zurzeit ausverkauft
       Bald erhältlich
       Nicht mehr im Sortiment
       Ausverkauft
     * Men Love Mystery
       Zurzeit ausverkauft
       Bald erhältlich
       Nicht mehr im Sortiment
       Ausverkauft
     * Pink Pigeon
       Zurzeit ausverkauft
       Bald erhältlich
       Nicht mehr im Sortiment
       Ausverkauft
     * Please Me
       Zurzeit ausverkauft
       Bald erhältlich
       Nicht mehr im Sortiment
       Ausverkauft
     * Russian Red
       Zurzeit ausverkauft
       Bald erhältlich
       Nicht mehr im Sortiment
       Ausverkauft
     * Sin
       Zurzeit ausverkauft
       Bald erhältlich
       Nicht mehr im Sortiment
       Ausverkauft
     * Smoked Purple
       Zurzeit ausverkauft
       Bald erhältlich
       Nicht mehr im Sortiment
       Ausverkauft
     * So Chaud
       Zurzeit ausverkauft
       Bald erhältlich
       Nicht mehr im Sortiment
       Ausverkauft
     * Stone
       Zurzeit ausverkauft
       Bald erhältlich
       Nicht mehr im Sortiment
       Ausverkauft
     * Studded Kiss
       Zurzeit ausverkauft
       Bald erhältlich
       Nicht mehr im Sortiment
       Ausverkauft
     * Taupe
       Zurzeit ausverkauft
       Bald erhältlich
       Nicht mehr im Sortiment
       Ausverkauft
     * Tropic Tonic
       Zurzeit ausverkauft
       Bald erhältlich
       Nicht mehr im Sortiment
       Ausverkauft
     * Rocker
       Zurzeit ausverkauft
       Bald erhältlich
       Nicht mehr im Sortiment
       Ausverkauft
     * Yash
       Zurzeit ausverkauft
       Bald erhältlich
       Nicht mehr im Sortiment
       Ausverkauft

   Farben-Vorschau

Retro Matte Lipstick

   Langanhaltend, volle Deckkraft, komplett mattes Finish

   €21.50
   3 g - €716.67 / 100g
   Zurzeit ausverkauft

   Shop 6 Farben
   3 g
   €21.50
   3 g - €716.67 / 100g
   In den Warenkorb legen
     * Benachrichtigen Sie mich
       Zurzeit ausverkauft
       Zurzeit ausverkauft
     * Bald erhältlich
     * Sorry, dieses Produkt wird nicht mehr angeboten
     * Ausverkauft
     *

   Shop 6 Farben
     * All Fired Up
       Zurzeit ausverkauft
       Bald erhältlich
       Nicht mehr im Sortiment
       Ausverkauft
     * Dangerous
       Zurzeit ausverkauft
       Bald erhältlich
       Nicht mehr im Sortiment
       Ausverkauft
     * Flat Out Fabulous
       Zurzeit ausverkauft
       Bald erhältlich
       Nicht mehr im Sortiment
       Ausverkauft
     * Relentlessly Red
       Zurzeit ausverkauft
       Bald erhältlich
       Nicht mehr im Sortiment
       Ausverkauft
     * Ruby Woo
       Zurzeit ausverkauft
       Bald erhältlich
       Nicht mehr im Sortiment
       Ausverkauft
     * Runway Hit
       Zurzeit ausverkauft
       Bald erhältlich
       Nicht mehr im Sortiment
       Ausverkauft

   Farben-Vorschau

Cremesheen Lipstick

   Cremig, mittlere aufbaufähige Deckkraft, halb-glossiges Finish

   €21.50
   3 g - €716.67 / 100g
   Zurzeit ausverkauft

   Shop 18 Farben
   3 g
   €21.50
   3 g - €716.67 / 100g
   In den Warenkorb legen
     * Benachrichtigen Sie mich
       Zurzeit ausverkauft
       Zurzeit ausverkauft
     * Bald erhältlich
     * Sorry, dieses Produkt wird nicht mehr angeboten
     * Ausverkauft
     *

   Shop 18 Farben
     * Bosom Friend
       Zurzeit ausverkauft
       Bald erhältlich
       Nicht mehr im Sortiment
       Ausverkauft
     * Love & Cherished
       Zurzeit ausverkauft
       Bald erhältlich
       Nicht mehr im Sortiment
       Ausverkauft
     * Brave Red
       Zurzeit ausverkauft
       Bald erhältlich
       Nicht mehr im Sortiment
       Ausverkauft
     * Crème Cup
       Zurzeit ausverkauft
       Bald erhältlich
       Nicht mehr im Sortiment
       Ausverkauft
     * Crème d’Nude
       Zurzeit ausverkauft
       Bald erhältlich
       Nicht mehr im Sortiment
       Ausverkauft
     * Crème In Your Coffee
       Zurzeit ausverkauft
       Bald erhältlich
       Nicht mehr im Sortiment
       Ausverkauft
     * Crosswires
       Zurzeit ausverkauft
       Bald erhältlich
       Nicht mehr im Sortiment
       Ausverkauft
     * Dare You
       Zurzeit ausverkauft
       Bald erhältlich
       Nicht mehr im Sortiment
       Ausverkauft
     * Fanfare
       Zurzeit ausverkauft
       Bald erhältlich
       Nicht mehr im Sortiment
       Ausverkauft
     * Hang-up
       Zurzeit ausverkauft
       Bald erhältlich
       Nicht mehr im Sortiment
       Ausverkauft
     * Lickable
       Zurzeit ausverkauft
       Bald erhältlich
       Nicht mehr im Sortiment
       Ausverkauft
     * Modesty
       Zurzeit ausverkauft
       Bald erhältlich
       Nicht mehr im Sortiment
       Ausverkauft
     * On Hold
       Zurzeit ausverkauft
       Bald erhältlich
       Nicht mehr im Sortiment
       Ausverkauft
     * Party Line
       Zurzeit ausverkauft
       Bald erhältlich
       Nicht mehr im Sortiment
       Ausverkauft
     * Peach Blossom
       Zurzeit ausverkauft
       Bald erhältlich
       Nicht mehr im Sortiment
       Ausverkauft
     * Pink Pearl Pop
       Zurzeit ausverkauft
       Bald erhältlich
       Nicht mehr im Sortiment
       Ausverkauft
     * Speak Louder
       Zurzeit ausverkauft
       Bald erhältlich
       Nicht mehr im Sortiment
       Ausverkauft
     * Speed Dial
       Zurzeit ausverkauft
       Bald erhältlich
       Nicht mehr im Sortiment
       Ausverkauft

   Farben-Vorschau

Satin Lipstick

   Cremig, mittlere aufbaufähige Deckkraft, Satin Finish

   €21.50
   3 g - €716.67 / 100g
   Zurzeit ausverkauft

   Shop 25 Farben
   3 g
   €21.50
   3 g - €716.67 / 100g
   In den Warenkorb legen
     * Benachrichtigen Sie mich
       Zurzeit ausverkauft
       Zurzeit ausverkauft
     * Bald erhältlich
     * Sorry, dieses Produkt wird nicht mehr angeboten
     * Ausverkauft
     *

   Shop 25 Farben
     * Shrimpton
       Zurzeit ausverkauft
       Bald erhältlich
       Nicht mehr im Sortiment
       Ausverkauft
     * Bad 'N' Bare
       Zurzeit ausverkauft
       Bald erhältlich
       Nicht mehr im Sortiment
       Ausverkauft
     * Amorous
       Zurzeit ausverkauft
       Bald erhältlich
       Nicht mehr im Sortiment
       Ausverkauft
     * Brave
       Zurzeit ausverkauft
       Bald erhältlich
       Nicht mehr im Sortiment
       Ausverkauft
     * Captive
       Zurzeit ausverkauft
       Bald erhältlich
       Nicht mehr im Sortiment
       Ausverkauft
     * Cherish
       Zurzeit ausverkauft
       Bald erhältlich
       Nicht mehr im Sortiment
       Ausverkauft
     * Cyber
       Zurzeit ausverkauft
       Bald erhältlich
       Nicht mehr im Sortiment
       Ausverkauft
     * Faux
       Zurzeit ausverkauft
       Bald erhältlich
       Nicht mehr im Sortiment
       Ausverkauft
     * Film Noir
       Zurzeit ausverkauft
       Bald erhältlich
       Nicht mehr im Sortiment
       Ausverkauft
     * Fleshpot
       Zurzeit ausverkauft
       Bald erhältlich
       Nicht mehr im Sortiment
       Ausverkauft
     * MAC Red
       Zurzeit ausverkauft
       Bald erhältlich
       Nicht mehr im Sortiment
       Ausverkauft
     * Media
       Zurzeit ausverkauft
       Bald erhältlich
       Nicht mehr im Sortiment
       Ausverkauft
     * Mocha
       Zurzeit ausverkauft
       Bald erhältlich
       Nicht mehr im Sortiment
       Ausverkauft
     * Myth
       Zurzeit ausverkauft
       Bald erhältlich
       Nicht mehr im Sortiment
       Ausverkauft
     * Paramount
       Zurzeit ausverkauft
       Bald erhältlich
       Nicht mehr im Sortiment
       Ausverkauft
     * Peachstock
       Zurzeit ausverkauft
       Bald erhältlich
       Nicht mehr im Sortiment
       Ausverkauft
     * Photo
       Zurzeit ausverkauft
       Bald erhältlich
       Nicht mehr im Sortiment
       Ausverkauft
     * Pink Nouveau
       Zurzeit ausverkauft
       Bald erhältlich
       Nicht mehr im Sortiment
       Ausverkauft
     * Rebel
       Zurzeit ausverkauft
       Bald erhältlich
       Nicht mehr im Sortiment
       Ausverkauft
     * Retro
       Zurzeit ausverkauft
       Bald erhältlich
       Nicht mehr im Sortiment
       Ausverkauft
     * Snob
       Zurzeit ausverkauft
       Bald erhältlich
       Nicht mehr im Sortiment
       Ausverkauft
     * Spirit
       Zurzeit ausverkauft
       Bald erhältlich
       Nicht mehr im Sortiment
       Ausverkauft
     * Sushi Kiss
       Zurzeit ausverkauft
       Bald erhältlich
       Nicht mehr im Sortiment
       Ausverkauft
     * Twig
       Zurzeit ausverkauft
       Bald erhältlich
       Nicht mehr im Sortiment
       Ausverkauft
     * Verve
       Zurzeit ausverkauft
       Bald erhältlich
       Nicht mehr im Sortiment
       Ausverkauft

   Farben-Vorschau

Amplified Lipstick

   Ultra-cremig, volle Deckkraft, halb-glänzendes Finish.

   €21.50
   3 g - €716.67 / 100g
   Zurzeit ausverkauft

   Shop 25 Farben
   3 g
   €21.50
   3 g - €716.67 / 100g
   In den Warenkorb legen
     * Benachrichtigen Sie mich
       Zurzeit ausverkauft
       Zurzeit ausverkauft
     * Bald erhältlich
     * Sorry, dieses Produkt wird nicht mehr angeboten
     * Ausverkauft
     *

   Shop 25 Farben
     * S’Sexy
       Zurzeit ausverkauft
       Bald erhältlich
       Nicht mehr im Sortiment
       Ausverkauft
     * Feeling Myself
       Zurzeit ausverkauft
       Bald erhältlich
       Nicht mehr im Sortiment
       Ausverkauft
     * Smoked Almond
       Zurzeit ausverkauft
       Bald erhältlich
       Nicht mehr im Sortiment
       Ausverkauft
     * Leave Me Breathless
       Zurzeit ausverkauft
       Bald erhältlich
       Nicht mehr im Sortiment
       Ausverkauft
     * Bare Bling
       Zurzeit ausverkauft
       Bald erhältlich
       Nicht mehr im Sortiment
       Ausverkauft
     * Blankety
       Zurzeit ausverkauft
       Bald erhältlich
       Nicht mehr im Sortiment
       Ausverkauft
     * Brick-O-La
       Zurzeit ausverkauft
       Bald erhältlich
       Nicht mehr im Sortiment
       Ausverkauft
     * Chatterbox
       Zurzeit ausverkauft
       Bald erhältlich
       Nicht mehr im Sortiment
       Ausverkauft
     * Craving
       Zurzeit ausverkauft
       Bald erhältlich
       Nicht mehr im Sortiment
       Ausverkauft
     * Cosmo
       Zurzeit ausverkauft
       Bald erhältlich
       Nicht mehr im Sortiment
       Ausverkauft
     * Dark Side
       Zurzeit ausverkauft
       Bald erhältlich
       Nicht mehr im Sortiment
       Ausverkauft
     * Dubonnet
       Zurzeit ausverkauft
       Bald erhältlich
       Nicht mehr im Sortiment
       Ausverkauft
     * Fast Play
       Zurzeit ausverkauft
       Bald erhältlich
       Nicht mehr im Sortiment
       Ausverkauft
     * Full Fuchsia
       Zurzeit ausverkauft
       Bald erhältlich
       Nicht mehr im Sortiment
       Ausverkauft
     * Fusion Pink
       Zurzeit ausverkauft
       Bald erhältlich
       Nicht mehr im Sortiment
       Ausverkauft
     * Girl About Town
       Zurzeit ausverkauft
       Bald erhältlich
       Nicht mehr im Sortiment
       Ausverkauft
     * Half 'n Half
       Zurzeit ausverkauft
       Bald erhältlich
       Nicht mehr im Sortiment
       Ausverkauft
     * Impassioned
       Zurzeit ausverkauft
       Bald erhältlich
       Nicht mehr im Sortiment
       Ausverkauft
     * Morange
       Zurzeit ausverkauft
       Bald erhältlich
       Nicht mehr im Sortiment
       Ausverkauft
     * Neon Orange
       Zurzeit ausverkauft
       Bald erhältlich
       Nicht mehr im Sortiment
       Ausverkauft
     * Saint Germain
       Zurzeit ausverkauft
       Bald erhältlich
       Nicht mehr im Sortiment
       Ausverkauft
     * Show Orchid
       Zurzeit ausverkauft
       Bald erhältlich
       Nicht mehr im Sortiment
       Ausverkauft
     * Up The Amp
       Zurzeit ausverkauft
       Bald erhältlich
       Nicht mehr im Sortiment
       Ausverkauft
     * Vegas Volt
       Zurzeit ausverkauft
       Bald erhältlich
       Nicht mehr im Sortiment
       Ausverkauft
     * Violetta
       Zurzeit ausverkauft
       Bald erhältlich
       Nicht mehr im Sortiment
       Ausverkauft

   Farben-Vorschau

Lustre Lipstick

   leichte Formel, leichte aufbaufähige Deckkraft, glänzendes Finish

   €21.50
   3 g - €716.67 / 100g
   Zurzeit ausverkauft

   Shop 22 Farben
   3 g
   €21.50
   3 g - €716.67 / 100g
   In den Warenkorb legen
     * Benachrichtigen Sie mich
       Zurzeit ausverkauft
       Zurzeit ausverkauft
     * Bald erhältlich
     * Sorry, dieses Produkt wird nicht mehr angeboten
     * Ausverkauft
     *

   Shop 22 Farben
     * Move Your Body
       Zurzeit ausverkauft
       Bald erhältlich
       Nicht mehr im Sortiment
       Ausverkauft
     * Oh, Yes Baby!
       Zurzeit ausverkauft
       Bald erhältlich
       Nicht mehr im Sortiment
       Ausverkauft
     * Good Form
       Zurzeit ausverkauft
       Bald erhältlich
       Nicht mehr im Sortiment
       Ausverkauft
     * Capricious
       Zurzeit ausverkauft
       Bald erhältlich
       Nicht mehr im Sortiment
       Ausverkauft
     * Flamingo
       Zurzeit ausverkauft
       Bald erhältlich
       Nicht mehr im Sortiment
       Ausverkauft
     * Fresh Brew
       Zurzeit ausverkauft
       Bald erhältlich
       Nicht mehr im Sortiment
       Ausverkauft
     * Hug Me
       Zurzeit ausverkauft
       Bald erhältlich
       Nicht mehr im Sortiment
       Ausverkauft
     * Jubilee
       Zurzeit ausverkauft
       Bald erhältlich
       Nicht mehr im Sortiment
       Ausverkauft
     * Lady Bug
       Zurzeit ausverkauft
       Bald erhältlich
       Nicht mehr im Sortiment
       Ausverkauft
     * Lovelorn
       Zurzeit ausverkauft
       Bald erhältlich
       Nicht mehr im Sortiment
       Ausverkauft
     * Lustering
       Zurzeit ausverkauft
       Bald erhältlich
       Nicht mehr im Sortiment
       Ausverkauft
     * Midimauve
       Zurzeit ausverkauft
       Bald erhältlich
       Nicht mehr im Sortiment
       Ausverkauft
     * Milan Mode
       Zurzeit ausverkauft
       Bald erhältlich
       Nicht mehr im Sortiment
       Ausverkauft
     * Patisserie
       Zurzeit ausverkauft
       Bald erhältlich
       Nicht mehr im Sortiment
       Ausverkauft
     * Plumful
       Zurzeit ausverkauft
       Bald erhältlich
       Nicht mehr im Sortiment
       Ausverkauft
     * Politely Pink
       Zurzeit ausverkauft
       Bald erhältlich
       Nicht mehr im Sortiment
       Ausverkauft
     * Pretty Please
       Zurzeit ausverkauft
       Bald erhältlich
       Nicht mehr im Sortiment
       Ausverkauft
     * See Sheer
       Zurzeit ausverkauft
       Bald erhältlich
       Nicht mehr im Sortiment
       Ausverkauft
     * Spice It Up!
       Zurzeit ausverkauft
       Bald erhältlich
       Nicht mehr im Sortiment
       Ausverkauft
     * Sweetie
       Zurzeit ausverkauft
       Bald erhältlich
       Nicht mehr im Sortiment
       Ausverkauft
     * Syrup
       Zurzeit ausverkauft
       Bald erhältlich
       Nicht mehr im Sortiment
       Ausverkauft
     * Touch
       Zurzeit ausverkauft
       Bald erhältlich
       Nicht mehr im Sortiment
       Ausverkauft

   Farben-Vorschau

Frost Lipstick

   Leuchtender Perlglanz, mittlere aufbaufähige Deckkraft,
   halb-schimmerndes Finish

   €21.50
   3 g - €716.67 / 100g
   Zurzeit ausverkauft

   Shop 23 Farben
   3 g
   €21.50
   3 g - €716.67 / 100g
   In den Warenkorb legen
     * Benachrichtigen Sie mich
       Zurzeit ausverkauft
       Zurzeit ausverkauft
     * Bald erhältlich
     * Sorry, dieses Produkt wird nicht mehr angeboten
     * Ausverkauft
     *

   Shop 23 Farben
     * Pink Power
       Zurzeit ausverkauft
       Bald erhältlich
       Nicht mehr im Sortiment
       Ausverkauft
     * Time To Shine
       Zurzeit ausverkauft
       Bald erhältlich
       Nicht mehr im Sortiment
       Ausverkauft
     * Pink, You Think?
       Zurzeit ausverkauft
       Bald erhältlich
       Nicht mehr im Sortiment
       Ausverkauft
     * On and On
       Zurzeit ausverkauft
       Bald erhältlich
       Nicht mehr im Sortiment
       Ausverkauft
     * Spoiled Fabulous
       Zurzeit ausverkauft
       Bald erhältlich
       Nicht mehr im Sortiment
       Ausverkauft
     * Model Behaviour
       Zurzeit ausverkauft
       Bald erhältlich
       Nicht mehr im Sortiment
       Ausverkauft
     * Wild Extract
       Zurzeit ausverkauft
       Bald erhältlich
       Nicht mehr im Sortiment
       Ausverkauft
     * Pick Me, Pick Me!
       Zurzeit ausverkauft
       Bald erhältlich
       Nicht mehr im Sortiment
       Ausverkauft
     * Soft Hint
       Zurzeit ausverkauft
       Bald erhältlich
       Nicht mehr im Sortiment
       Ausverkauft
     * Angel
       Zurzeit ausverkauft
       Bald erhältlich
       Nicht mehr im Sortiment
       Ausverkauft
     * Bombshell
       Zurzeit ausverkauft
       Bald erhältlich
       Nicht mehr im Sortiment
       Ausverkauft
     * Bronze Shimmer
       Zurzeit ausverkauft
       Bald erhältlich
       Nicht mehr im Sortiment
       Ausverkauft
     * CB 96
       Zurzeit ausverkauft
       Bald erhältlich
       Nicht mehr im Sortiment
       Ausverkauft
     * Creme de la Femme
       Zurzeit ausverkauft
       Bald erhältlich
       Nicht mehr im Sortiment
       Ausverkauft
     * Costa Chic
       Zurzeit ausverkauft
       Bald erhältlich
       Nicht mehr im Sortiment
       Ausverkauft
     * Fabby
       Zurzeit ausverkauft
       Bald erhältlich
       Nicht mehr im Sortiment
       Ausverkauft
     * Fresh Moroccan
       Zurzeit ausverkauft
       Bald erhältlich
       Nicht mehr im Sortiment
       Ausverkauft
     * Gel
       Zurzeit ausverkauft
       Bald erhältlich
       Nicht mehr im Sortiment
       Ausverkauft
     * Icon
       Zurzeit ausverkauft
       Bald erhältlich
       Nicht mehr im Sortiment
       Ausverkauft
     * New York Apple
       Zurzeit ausverkauft
       Bald erhältlich
       Nicht mehr im Sortiment
       Ausverkauft
     * "O"
       Zurzeit ausverkauft
       Bald erhältlich
       Nicht mehr im Sortiment
       Ausverkauft
     * Odyssey
       Zurzeit ausverkauft
       Bald erhältlich
       Nicht mehr im Sortiment
       Ausverkauft
     * Plum Dandy
       Zurzeit ausverkauft
       Bald erhältlich
       Nicht mehr im Sortiment
       Ausverkauft

   Farben-Vorschau

Mini Traditional Lipstick

   Reisegröße, Lieblingsfarben, Praktisch für unterwegs

   €13.00
   1.8 g - €722.22 / 100g
   Zurzeit ausverkauft

   Shop 21 Farben
   1.8 g
   €13.00
   1.8 g - €722.22 / 100g
   In den Warenkorb legen
     * Benachrichtigen Sie mich
       Zurzeit ausverkauft
       Zurzeit ausverkauft
     * Bald erhältlich
     * Sorry, dieses Produkt wird nicht mehr angeboten
     * Ausverkauft
     *

   Shop 21 Farben
     * Velvet Teddy
       Zurzeit ausverkauft
       Bald erhältlich
       Nicht mehr im Sortiment
       Ausverkauft
     * Mehr
       Zurzeit ausverkauft
       Bald erhältlich
       Nicht mehr im Sortiment
       Ausverkauft
     * Twig
       Zurzeit ausverkauft
       Bald erhältlich
       Nicht mehr im Sortiment
       Ausverkauft
     * Chili
       Zurzeit ausverkauft
       Bald erhältlich
       Nicht mehr im Sortiment
       Ausverkauft
     * Whirl
       Zurzeit ausverkauft
       Bald erhältlich
       Nicht mehr im Sortiment
       Ausverkauft
     * Please Me
       Zurzeit ausverkauft
       Bald erhältlich
       Nicht mehr im Sortiment
       Ausverkauft
     * Tropic Tonic
       Zurzeit ausverkauft
       Bald erhältlich
       Nicht mehr im Sortiment
       Ausverkauft
     * Lady Danger
       Zurzeit ausverkauft
       Bald erhältlich
       Nicht mehr im Sortiment
       Ausverkauft
     * Relentlessly Red
       Zurzeit ausverkauft
       Bald erhältlich
       Nicht mehr im Sortiment
       Ausverkauft
     * Russian Red
       Zurzeit ausverkauft
       Bald erhältlich
       Nicht mehr im Sortiment
       Ausverkauft
     * D For Danger
       Zurzeit ausverkauft
       Bald erhältlich
       Nicht mehr im Sortiment
       Ausverkauft
     * Ruby Woo
       Zurzeit ausverkauft
       Bald erhältlich
       Nicht mehr im Sortiment
       Ausverkauft
     * Breathing Fire
       Zurzeit ausverkauft
       Bald erhältlich
       Nicht mehr im Sortiment
       Ausverkauft
     * All Fired Up
       Zurzeit ausverkauft
       Bald erhältlich
       Nicht mehr im Sortiment
       Ausverkauft
     * Flat Out Fabulous
       Zurzeit ausverkauft
       Bald erhältlich
       Nicht mehr im Sortiment
       Ausverkauft
     * Captive
       Zurzeit ausverkauft
       Bald erhältlich
       Nicht mehr im Sortiment
       Ausverkauft
     * Rebel
       Zurzeit ausverkauft
       Bald erhältlich
       Nicht mehr im Sortiment
       Ausverkauft
     * Runway Hit
       Zurzeit ausverkauft
       Bald erhältlich
       Nicht mehr im Sortiment
       Ausverkauft
     * Mocha
       Zurzeit ausverkauft
       Bald erhältlich
       Nicht mehr im Sortiment
       Ausverkauft
     * Diva
       Zurzeit ausverkauft
       Bald erhältlich
       Nicht mehr im Sortiment
       Ausverkauft
     * Sin
       Zurzeit ausverkauft
       Bald erhältlich
       Nicht mehr im Sortiment
       Ausverkauft

   Farben-Vorschau

Huggable Lipcolour

   Gel-Formula Lanhaltender Glanz, Angenehm

   €23.00 €16.10
   3.2 g - €503.12 / 100g
   Zurzeit ausverkauft

   3.2 g
   €23.00 €16.10
   3.2 g - €503.12 / 100g
   In den Warenkorb legen
     * Benachrichtigen Sie mich
       Zurzeit ausverkauft
       Zurzeit ausverkauft
     * Bald erhältlich
     * Sorry, dieses Produkt wird nicht mehr angeboten
     * Ausverkauft
     *

   Shop Farben

Liptensity Lipstick

   Extreme Farben, Stark Pigmentiert, Satin Finish

   €26.00
   3.6 g - €722.22 / 100g
   Zurzeit ausverkauft

   Shop 13 Farben
   3.6 g
   €26.00
   3.6 g - €722.22 / 100g
   In den Warenkorb legen
     * Benachrichtigen Sie mich
       Zurzeit ausverkauft
       Zurzeit ausverkauft
     * Bald erhältlich
     * Sorry, dieses Produkt wird nicht mehr angeboten
     * Ausverkauft
     *

   Shop 13 Farben
     * Brick Dust
       Zurzeit ausverkauft
       Bald erhältlich
       Nicht mehr im Sortiment
       Ausverkauft
     * Well Bred Brown
       Zurzeit ausverkauft
       Bald erhältlich
       Nicht mehr im Sortiment
       Ausverkauft
     * Bite O' Georgia
       Zurzeit ausverkauft
       Bald erhältlich
       Nicht mehr im Sortiment
       Ausverkauft
     * Battle Cry
       Zurzeit ausverkauft
       Bald erhältlich
       Nicht mehr im Sortiment
       Ausverkauft
     * Fire Roasted
       Zurzeit ausverkauft
       Bald erhältlich
       Nicht mehr im Sortiment
       Ausverkauft
     * Clouds In My Coffee
       Zurzeit ausverkauft
       Bald erhältlich
       Nicht mehr im Sortiment
       Ausverkauft
     * King Salmon
       Zurzeit ausverkauft
       Bald erhältlich
       Nicht mehr im Sortiment
       Ausverkauft
     * Cordovan
       Zurzeit ausverkauft
       Bald erhältlich
       Nicht mehr im Sortiment
       Ausverkauft
     * Mulling Spices
       Zurzeit ausverkauft
       Bald erhältlich
       Nicht mehr im Sortiment
       Ausverkauft
     * Toast and Butter
       Zurzeit ausverkauft
       Bald erhältlich
       Nicht mehr im Sortiment
       Ausverkauft
     * Double Fudge
       Zurzeit ausverkauft
       Bald erhältlich
       Nicht mehr im Sortiment
       Ausverkauft
     * Stallion
       Zurzeit ausverkauft
       Bald erhältlich
       Nicht mehr im Sortiment
       Ausverkauft
     * Galaxy Grey
       Zurzeit ausverkauft
       Bald erhältlich
       Nicht mehr im Sortiment
       Ausverkauft

   Farben-Vorschau

Retro Matte Liquid Lipcolour

   Liquid Lipstick, Mattes Finish, Langanhaltend

   €18.20 - €26.00
   5 ml - €520.00 / 100ml
   Zurzeit ausverkauft

   Shop 17 Farben
   5 ml
   €18.20 - €26.00
   5 ml - €520.00 / 100ml
   In den Warenkorb legen
     * Benachrichtigen Sie mich
       Zurzeit ausverkauft
       Zurzeit ausverkauft
     * Bald erhältlich
     * Sorry, dieses Produkt wird nicht mehr angeboten
     * Ausverkauft
     *

   Shop 17 Farben
     * So Me
       Zurzeit ausverkauft
       Bald erhältlich
       Nicht mehr im Sortiment
       Ausverkauft
     * Topped With Brandy
       Zurzeit ausverkauft
       Bald erhältlich
       Nicht mehr im Sortiment
       Ausverkauft
     * Caviar
       Zurzeit ausverkauft
       Bald erhältlich
       Nicht mehr im Sortiment
       Ausverkauft
     * LadyBeGood
       Zurzeit ausverkauft
       Bald erhältlich
       Nicht mehr im Sortiment
       Ausverkauft
     * Uniformly Fabulous
       Zurzeit ausverkauft
       Bald erhältlich
       Nicht mehr im Sortiment
       Ausverkauft
     * Young Attitude
       Zurzeit ausverkauft
       Bald erhältlich
       Nicht mehr im Sortiment
       Ausverkauft
     * Carnivorous
       Zurzeit ausverkauft
       Bald erhältlich
       Nicht mehr im Sortiment
       Ausverkauft
     * Burnt Spice
       Zurzeit ausverkauft
       Bald erhältlich
       Nicht mehr im Sortiment
       Ausverkauft
     * Simply Smoked
       Zurzeit ausverkauft
       Bald erhältlich
       Nicht mehr im Sortiment
       Ausverkauft
     * Dance with Me
       Zurzeit ausverkauft
       Bald erhältlich
       Nicht mehr im Sortiment
       Ausverkauft
     * Fashion Legacy
       Zurzeit ausverkauft
       Bald erhältlich
       Nicht mehr im Sortiment
       Ausverkauft
     * Feels So Grand
       Zurzeit ausverkauft
       Bald erhältlich
       Nicht mehr im Sortiment
       Ausverkauft
     * Fuchsia Flicker
       Zurzeit ausverkauft
       Bald erhältlich
       Nicht mehr im Sortiment
       Ausverkauft
     * High Drama
       Zurzeit ausverkauft
       Bald erhältlich
       Nicht mehr im Sortiment
       Ausverkauft
     * Mango Mango
       Zurzeit ausverkauft
       Bald erhältlich
       Nicht mehr im Sortiment
       Ausverkauft
     * Quite the Standout
       Zurzeit ausverkauft
       Bald erhältlich
       Nicht mehr im Sortiment
       Ausverkauft
     * Rich & Restless
       Zurzeit ausverkauft
       Bald erhältlich
       Nicht mehr im Sortiment
       Ausverkauft

   Farben-Vorschau

Retro Matte Liquid Lipcolour Metallics

   Dekadente Aromen, matte Farbe, mousseartige Textur

   €26.00
   5 ml - €520.00 / 100ml
   Zurzeit ausverkauft

   Shop 8 Farben
   5 ml
   €26.00
   5 ml - €520.00 / 100ml
   In den Warenkorb legen
     * Benachrichtigen Sie mich
       Zurzeit ausverkauft
       Zurzeit ausverkauft
     * Bald erhältlich
     * Sorry, dieses Produkt wird nicht mehr angeboten
     * Ausverkauft
     *

   Shop 8 Farben
     * Atomized
       Zurzeit ausverkauft
       Bald erhältlich
       Nicht mehr im Sortiment
       Ausverkauft
     * Gemz & Roses
       Zurzeit ausverkauft
       Bald erhältlich
       Nicht mehr im Sortiment
       Ausverkauft
     * Softly Rockin'
       Zurzeit ausverkauft
       Bald erhältlich
       Nicht mehr im Sortiment
       Ausverkauft
     * Quartzette
       Zurzeit ausverkauft
       Bald erhältlich
       Nicht mehr im Sortiment
       Ausverkauft
     * Crowned
       Zurzeit ausverkauft
       Bald erhältlich
       Nicht mehr im Sortiment
       Ausverkauft
     * Foiled
       Zurzeit ausverkauft
       Bald erhältlich
       Nicht mehr im Sortiment
       Ausverkauft
     * Love Weapon
       Zurzeit ausverkauft
       Bald erhältlich
       Nicht mehr im Sortiment
       Ausverkauft
     * Metallic Rose
       Zurzeit ausverkauft
       Bald erhältlich
       Nicht mehr im Sortiment
       Ausverkauft

   Farben-Vorschau

Lipstick/ Electric Wonder

   Satte Farbe, Limited Edition, Besondere Verpackung

   €22.50
   3 g - €750.00 / 100g
   Zurzeit ausverkauft

   Shop 5 Farben
   3 g
   €22.50
   3 g - €750.00 / 100g
   In den Warenkorb legen
     * Benachrichtigen Sie mich
       Zurzeit ausverkauft
       Zurzeit ausverkauft
     * Bald erhältlich
     * Sorry, dieses Produkt wird nicht mehr angeboten
     * Ausverkauft
     *

   Shop 5 Farben
     * Feelin' Sedimental
       Zurzeit ausverkauft
       Bald erhältlich
       Nicht mehr im Sortiment
       Ausverkauft
     * Natural Born Leader
       Zurzeit ausverkauft
       Bald erhältlich
       Nicht mehr im Sortiment
       Ausverkauft
     * Let's Mesa Around
       Zurzeit ausverkauft
       Bald erhältlich
       Nicht mehr im Sortiment
       Ausverkauft
     * The Naturalist
       Zurzeit ausverkauft
       Bald erhältlich
       Nicht mehr im Sortiment
       Ausverkauft
     * Life in Sepia
       Zurzeit ausverkauft
       Bald erhältlich
       Nicht mehr im Sortiment
       Ausverkauft

   Farben-Vorschau

Lipstick/ El Seed

   €22.50 €15.75
   3.9 g - €403.85 / 100g
   Zurzeit ausverkauft

   Shop 4 Farben
   3.9 g
   €22.50 €15.75
   3.9 g - €403.85 / 100g
   In den Warenkorb legen
     * Benachrichtigen Sie mich
       Zurzeit ausverkauft
       Zurzeit ausverkauft
     * Bald erhältlich
     * Sorry, dieses Produkt wird nicht mehr angeboten
     * Ausverkauft
     *

   Shop 4 Farben
     * Une Caresse
       Zurzeit ausverkauft
       Bald erhältlich
       Nicht mehr im Sortiment
       Ausverkauft
     * Declaring Love
       Zurzeit ausverkauft
       Bald erhältlich
       Nicht mehr im Sortiment
       Ausverkauft
     * Un Baiser
       Zurzeit ausverkauft
       Bald erhältlich
       Nicht mehr im Sortiment
       Ausverkauft
     * Maya La Belle
       Zurzeit ausverkauft
       Bald erhältlich
       Nicht mehr im Sortiment
       Ausverkauft

   Farben-Vorschau

Lipstick/ M·A·C IN MONOCHROME

   Ikonische Farben, neue Texturen, farbliche abgestimmte Verpackung

   €21.50 €15.05
   3 g - €501.67 / 100g
   Zurzeit ausverkauft

   3 g
   €21.50 €15.05
   3 g - €501.67 / 100g
   In den Warenkorb legen
     * Benachrichtigen Sie mich
       Zurzeit ausverkauft
       Zurzeit ausverkauft
     * Bald erhältlich
     * Sorry, dieses Produkt wird nicht mehr angeboten
     * Ausverkauft
     *

   Shop Farben

Lipstick / Shiny Pretty Things

   Festliche Farben, Limited Edition, besondere Verpackung

   €21.50 €15.05
   3 g - €501.67 / 100g
   Zurzeit ausverkauft

   3 g
   €21.50 €15.05
   3 g - €501.67 / 100g
   In den Warenkorb legen
     * Benachrichtigen Sie mich
       Zurzeit ausverkauft
       Zurzeit ausverkauft
     * Bald erhältlich
     * Sorry, dieses Produkt wird nicht mehr angeboten
     * Ausverkauft
     *

   Shop Farben

Lipstick/ M·A·C CHINESE NEW YEAR

   Rote Töne, verschiedene Texturen, besondere Verpackung

   €22.50 €15.75
   3 g - €525.00 / 100g
   Zurzeit ausverkauft

   3 g
   €22.50 €15.75
   3 g - €525.00 / 100g
   In den Warenkorb legen
     * Benachrichtigen Sie mich
       Zurzeit ausverkauft
       Zurzeit ausverkauft
     * Bald erhältlich
     * Sorry, dieses Produkt wird nicht mehr angeboten
     * Ausverkauft
     *

   Shop Farben

Lipstick / VIVA GLAM 25

   €21.50
   3 g - €716.67 / 100g
   Zurzeit ausverkauft

   3 g
   €21.50
   3 g - €716.67 / 100g
   In den Warenkorb legen
     * Benachrichtigen Sie mich
       Zurzeit ausverkauft
       Zurzeit ausverkauft
     * Bald erhältlich
     * Sorry, dieses Produkt wird nicht mehr angeboten
     * Ausverkauft
     *

   Shop Farben

BOOM BOOM BLOOM Lipstick

   €22.50 €15.75
   3 g - €525.00 / 100g
   Zurzeit ausverkauft

   Shop 3 Farben
   3 g
   €22.50 €15.75
   3 g - €525.00 / 100g
   In den Warenkorb legen
     * Benachrichtigen Sie mich
       Zurzeit ausverkauft
       Zurzeit ausverkauft
     * Bald erhältlich
     * Sorry, dieses Produkt wird nicht mehr angeboten
     * Ausverkauft
     *

   Shop 3 Farben
     * Hi-Fructease
       Zurzeit ausverkauft
       Bald erhältlich
       Nicht mehr im Sortiment
       Ausverkauft
     * Hey, Kiss Me!
       Zurzeit ausverkauft
       Bald erhältlich
       Nicht mehr im Sortiment
       Ausverkauft
     * Tsk Tsk!
       Zurzeit ausverkauft
       Bald erhältlich
       Nicht mehr im Sortiment
       Ausverkauft

   Farben-Vorschau

Bling Thing Liquid Lipcolour

   Glitzerndes Finish, Hoch Pigmentiert, Langanhaltend

   €26.00 €18.20
   5 ml - €364.00 / 100ml
   Zurzeit ausverkauft

   Shop 7 Farben
   5 ml
   €26.00 €18.20
   5 ml - €364.00 / 100ml
   In den Warenkorb legen
     * Benachrichtigen Sie mich
       Zurzeit ausverkauft
       Zurzeit ausverkauft
     * Bald erhältlich
     * Sorry, dieses Produkt wird nicht mehr angeboten
     * Ausverkauft
     *

   Shop 7 Farben
     * Like It Like This
       Zurzeit ausverkauft
       Bald erhältlich
       Nicht mehr im Sortiment
       Ausverkauft
     * Discobelle
       Zurzeit ausverkauft
       Bald erhältlich
       Nicht mehr im Sortiment
       Ausverkauft
     * Frickin’ Brilliant
       Zurzeit ausverkauft
       Bald erhältlich
       Nicht mehr im Sortiment
       Ausverkauft
     * Haute Flash
       Zurzeit ausverkauft
       Bald erhältlich
       Nicht mehr im Sortiment
       Ausverkauft
     * Purple For Daze
       Zurzeit ausverkauft
       Bald erhältlich
       Nicht mehr im Sortiment
       Ausverkauft
     * Commotion Motion
       Zurzeit ausverkauft
       Bald erhältlich
       Nicht mehr im Sortiment
       Ausverkauft
     * Time To Werk!
       Zurzeit ausverkauft
       Bald erhältlich
       Nicht mehr im Sortiment
       Ausverkauft

   Farben-Vorschau

Grand Illusion Glossy Liquid Lipcolour

   Holografischer Glanz, Volle Deckkraft, Kühlendes Gefühl

   €26.00
   5 ml - €520.00 / 100ml
   Zurzeit ausverkauft

   Shop 21 Farben
   5 ml
   €26.00
   5 ml - €520.00 / 100ml
   In den Warenkorb legen
     * Benachrichtigen Sie mich
       Zurzeit ausverkauft
       Zurzeit ausverkauft
     * Bald erhältlich
     * Sorry, dieses Produkt wird nicht mehr angeboten
     * Ausverkauft
     *

   Shop 21 Farben
     * Autumn Russet
       Zurzeit ausverkauft
       Bald erhältlich
       Nicht mehr im Sortiment
       Ausverkauft
     * Goldieloxxed
       Zurzeit ausverkauft
       Bald erhältlich
       Nicht mehr im Sortiment
       Ausverkauft
     * Ruby Princess
       Zurzeit ausverkauft
       Bald erhältlich
       Nicht mehr im Sortiment
       Ausverkauft
     * It'S Just Candy!
       Zurzeit ausverkauft
       Bald erhältlich
       Nicht mehr im Sortiment
       Ausverkauft
     * Broken Halo
       Zurzeit ausverkauft
       Bald erhältlich
       Nicht mehr im Sortiment
       Ausverkauft
     * Spoil Yourself
       Zurzeit ausverkauft
       Bald erhältlich
       Nicht mehr im Sortiment
       Ausverkauft
     * Just Hustlin'
       Zurzeit ausverkauft
       Bald erhältlich
       Nicht mehr im Sortiment
       Ausverkauft
     * Party Sparkle
       Zurzeit ausverkauft
       Bald erhältlich
       Nicht mehr im Sortiment
       Ausverkauft
     * Electric Rainbow
       Zurzeit ausverkauft
       Bald erhältlich
       Nicht mehr im Sortiment
       Ausverkauft
     * Florescence
       Zurzeit ausverkauft
       Bald erhältlich
       Nicht mehr im Sortiment
       Ausverkauft
     * Gilded Age
       Zurzeit ausverkauft
       Bald erhältlich
       Nicht mehr im Sortiment
       Ausverkauft
     * Let's Rock
       Zurzeit ausverkauft
       Bald erhältlich
       Nicht mehr im Sortiment
       Ausverkauft
     * Lunar Module
       Zurzeit ausverkauft
       Bald erhältlich
       Nicht mehr im Sortiment
       Ausverkauft
     * Peace, Love, Unity, Respect
       Zurzeit ausverkauft
       Bald erhältlich
       Nicht mehr im Sortiment
       Ausverkauft
     * Pearly Girl
       Zurzeit ausverkauft
       Bald erhältlich
       Nicht mehr im Sortiment
       Ausverkauft
     * Pink Trip
       Zurzeit ausverkauft
       Bald erhältlich
       Nicht mehr im Sortiment
       Ausverkauft
     * Queen's Violet
       Zurzeit ausverkauft
       Bald erhältlich
       Nicht mehr im Sortiment
       Ausverkauft
     * Rave Bunny
       Zurzeit ausverkauft
       Bald erhältlich
       Nicht mehr im Sortiment
       Ausverkauft
     * Sensory Overload
       Zurzeit ausverkauft
       Bald erhältlich
       Nicht mehr im Sortiment
       Ausverkauft
     * Space Bubble
       Zurzeit ausverkauft
       Bald erhältlich
       Nicht mehr im Sortiment
       Ausverkauft
     * Twinkle Twink
       Zurzeit ausverkauft
       Bald erhältlich
       Nicht mehr im Sortiment
       Ausverkauft

   Farben-Vorschau

Viva Glam Lipstick

   Eindringlich, Wohltätig, M·A·C Heritage

   €21.50
   3 g - €716.67 / 100g
   Zurzeit ausverkauft

   Shop 3 Farben
   3 g
   €21.50
   3 g - €716.67 / 100g
   In den Warenkorb legen
     * Benachrichtigen Sie mich
       Zurzeit ausverkauft
       Zurzeit ausverkauft
     * Bald erhältlich
     * Sorry, dieses Produkt wird nicht mehr angeboten
     * Ausverkauft
     *

   Shop 3 Farben
     * Viva Glam II
       Zurzeit ausverkauft
       Bald erhältlich
       Nicht mehr im Sortiment
       Ausverkauft
     * Viva Glam III
       Zurzeit ausverkauft
       Bald erhältlich
       Nicht mehr im Sortiment
       Ausverkauft
     * Viva Glam I
       Zurzeit ausverkauft
       Bald erhältlich
       Nicht mehr im Sortiment
       Ausverkauft

   Farben-Vorschau

Patent Polish Lip Pencil

   Lip Pencil/Gloss Hybrid, Pflegend, Auffälliger Glanz

   €23.50
   2.3 g - €1021.74 / 100g
   Zurzeit ausverkauft

   Shop 7 Farben
   2.3 g
   €23.50
   2.3 g - €1021.74 / 100g
   In den Warenkorb legen
     * Benachrichtigen Sie mich
       Zurzeit ausverkauft
       Zurzeit ausverkauft
     * Bald erhältlich
     * Sorry, dieses Produkt wird nicht mehr angeboten
     * Ausverkauft
     *

   Shop 7 Farben
     * Clever
       Zurzeit ausverkauft
       Bald erhältlich
       Nicht mehr im Sortiment
       Ausverkauft
     * French Kiss
       Zurzeit ausverkauft
       Bald erhältlich
       Nicht mehr im Sortiment
       Ausverkauft
     * Hopelessly Devoted
       Zurzeit ausverkauft
       Bald erhältlich
       Nicht mehr im Sortiment
       Ausverkauft
     * Kittenish
       Zurzeit ausverkauft
       Bald erhältlich
       Nicht mehr im Sortiment
       Ausverkauft
     * Pleasant
       Zurzeit ausverkauft
       Bald erhältlich
       Nicht mehr im Sortiment
       Ausverkauft
     * Ruby
       Zurzeit ausverkauft
       Bald erhältlich
       Nicht mehr im Sortiment
       Ausverkauft
     * Spontaneous
       Zurzeit ausverkauft
       Bald erhältlich
       Nicht mehr im Sortiment
       Ausverkauft

   Farben-Vorschau

Lip Erase

   Nude Look, Runway, Pflegend

   €23.00
   3 g - €766.67 / 100g
   Zurzeit ausverkauft

   Shop 2 Farben
   3 g
   €23.00
   3 g - €766.67 / 100g
   In den Warenkorb legen
     * Benachrichtigen Sie mich
       Zurzeit ausverkauft
       Zurzeit ausverkauft
     * Bald erhältlich
     * Sorry, dieses Produkt wird nicht mehr angeboten
     * Ausverkauft
     *

   Shop 2 Farben
     * Dim
       Zurzeit ausverkauft
       Bald erhältlich
       Nicht mehr im Sortiment
       Ausverkauft
     * Pale
       Zurzeit ausverkauft
       Bald erhältlich
       Nicht mehr im Sortiment
       Ausverkauft

   Farben-Vorschau

Lipmix

   Hochpigmentiert, Professionell, Individualisierbar

   €19.50
   10 ml - €195.00 / 100ml
   Zurzeit ausverkauft

   Shop 13 Farben
   10 ml
   €19.50
   10 ml - €195.00 / 100ml
   In den Warenkorb legen
     * Benachrichtigen Sie mich
       Zurzeit ausverkauft
       Zurzeit ausverkauft
     * Bald erhältlich
     * Sorry, dieses Produkt wird nicht mehr angeboten
     * Ausverkauft
     *

   Shop 13 Farben
     * Burgundy
       Zurzeit ausverkauft
       Bald erhältlich
       Nicht mehr im Sortiment
       Ausverkauft
     * Crimson
       Zurzeit ausverkauft
       Bald erhältlich
       Nicht mehr im Sortiment
       Ausverkauft
     * Cyan
       Zurzeit ausverkauft
       Bald erhältlich
       Nicht mehr im Sortiment
       Ausverkauft
     * Fuchsia
       Zurzeit ausverkauft
       Bald erhältlich
       Nicht mehr im Sortiment
       Ausverkauft
     * Magenta
       Zurzeit ausverkauft
       Bald erhältlich
       Nicht mehr im Sortiment
       Ausverkauft
     * Medium Nude
       Zurzeit ausverkauft
       Bald erhältlich
       Nicht mehr im Sortiment
       Ausverkauft
     * Orange
       Zurzeit ausverkauft
       Bald erhältlich
       Nicht mehr im Sortiment
       Ausverkauft
     * Red
       Zurzeit ausverkauft
       Bald erhältlich
       Nicht mehr im Sortiment
       Ausverkauft
     * White
       Zurzeit ausverkauft
       Bald erhältlich
       Nicht mehr im Sortiment
       Ausverkauft
     * Yellow
       Zurzeit ausverkauft
       Bald erhältlich
       Nicht mehr im Sortiment
       Ausverkauft
     * Dark Nude
       Zurzeit ausverkauft
       Bald erhältlich
       Nicht mehr im Sortiment
       Ausverkauft
     * Blue
       Zurzeit ausverkauft
       Bald erhältlich
       Nicht mehr im Sortiment
       Ausverkauft
     * Black
       Zurzeit ausverkauft
       Bald erhältlich
       Nicht mehr im Sortiment
       Ausverkauft

   Farben-Vorschau

Casual Colour

   Creme-Formel, Multifunktional, Strahlend

   €25.00
   2.5 ml - €1000.00 / 100g
   Zurzeit ausverkauft

   2.5 ml
   €25.00
   2.5 ml - €1000.00 / 100g
   In den Warenkorb legen
     * Benachrichtigen Sie mich
       Zurzeit ausverkauft
       Zurzeit ausverkauft
     * Bald erhältlich
     * Sorry, dieses Produkt wird nicht mehr angeboten
     * Ausverkauft
     *

   Shop Farben

PRO Lip Palette / 6 Editorial Reds

   Backstage-Ready, Professionell ,Transportierbar

   €46.00
   6 g - €766.67 / 100g
   Zurzeit ausverkauft

   6 g
   €46.00
   6 g - €766.67 / 100g
   In den Warenkorb legen
     * Benachrichtigen Sie mich
       Zurzeit ausverkauft
       Zurzeit ausverkauft
     * Bald erhältlich
     * Sorry, dieses Produkt wird nicht mehr angeboten
     * Ausverkauft
     *

   Shop Farben

PRO Lip Palette / 6 Preferred Pinks

   Backstage-Ready, Professionell ,Transportierbar

   €46.00
   6 g - €766.67 / 100g
   Zurzeit ausverkauft

   6 g
   €46.00
   6 g - €766.67 / 100g
   In den Warenkorb legen
     * Benachrichtigen Sie mich
       Zurzeit ausverkauft
       Zurzeit ausverkauft
     * Bald erhältlich
     * Sorry, dieses Produkt wird nicht mehr angeboten
     * Ausverkauft
     *

   Shop Farben

PRO Lip Palette / 6 Modern Browns

   Backstage-Ready, Professionell ,Transportierbar

   €46.00
   6 g - €766.67 / 100g
   Zurzeit ausverkauft

   6 g
   €46.00
   6 g - €766.67 / 100g
   In den Warenkorb legen
     * Benachrichtigen Sie mich
       Zurzeit ausverkauft
       Zurzeit ausverkauft
     * Bald erhältlich
     * Sorry, dieses Produkt wird nicht mehr angeboten
     * Ausverkauft
     *

   Shop Farben

PRO Lip Palette / 6 Editorial Oranges

   Backstage-Ready, Professionell ,Transportierbar

   €46.00
   6 g - €766.67 / 100g
   Zurzeit ausverkauft

   6 g
   €46.00
   6 g - €766.67 / 100g
   In den Warenkorb legen
     * Benachrichtigen Sie mich
       Zurzeit ausverkauft
       Zurzeit ausverkauft
     * Bald erhältlich
     * Sorry, dieses Produkt wird nicht mehr angeboten
     * Ausverkauft
     *

   Shop Farben

PRO Lip Palette / 6 Select Plums

   Backstage-Ready, Professionell ,Transportierbar

   €46.00
   6 g - €766.67 / 100g
   Zurzeit ausverkauft

   6 g
   €46.00
   6 g - €766.67 / 100g
   In den Warenkorb legen
     * Benachrichtigen Sie mich
       Zurzeit ausverkauft
       Zurzeit ausverkauft
     * Bald erhältlich
     * Sorry, dieses Produkt wird nicht mehr angeboten
     * Ausverkauft
     *

   Shop Farben

Benötigen sie hilfe?

   Telefon 0800-90 10 200

DEIN M·A·C STORE

     * M·A·C STORE SUCHEN
     * BUCHE DEINEN MAKE-UP SERVICE TERMIN IM STORE
     * ALLE MAKE-UP SERVICES

Kundenservice

     * Kontakt
     * Kundenservice Hotline
     * Häufige fragen
     * Bestellstatus
     * Versandinformationen
     * Widerrufsrecht
     * 6 GUTE GRÜNDE BEI M∙A∙C ONLINE EINZUKAUFEN

Über uns

     * M·A·C Pro Mitgliedschaft
     * M·A·C AIDS Fund
     * Wer wir sind
     * Karriere
     * Tierversuche
     * BACK2MAC

MY M·A·C

     * Kundenprofil
     * Bestellhistorie
     * Favoriten

Connect

     *
     *
     *
     *
     *
     *

LAND WÄHLEN

   Deutschland

   /

     * KUNDENSERVICE
          + KONTAKT
          + HÄUFIGE FRAGEN
          + BESTELLHISTORIE
          + VERSANDINFORMATIONEN
          + WIDERRUFSRECHT
          + 6 GUTE GRÜNDE BEI M∙A∙C ONLINE EINZUKAUFEN
     * ÜBER UNS
          + WER WIR SIND
          + M∙A∙C AIDS FUND
          + M∙A∙C PRO MITGLIEDSCHAFT
          + KARRIERE
          + Tierversuche
          + BACK2MAC
     * M∙A∙C STORE SUCHEN
     * ALLE MAKE-UP SERVICES
     * NEWSLETTER ABONNIEREN
     * Mein profil / Anmelden
     * BUCHE DEINEN MAKE-UP SERVICE TERMIN IM STORE

Connect

     *
     *
     *
     *
     *
     *

     * DATENSCHUTZ
     * AGB
     * FÄLSCHUNGEN
     * NUTZUNGSBEDINGUNGEN
     * IMPRESSUM
     * Cookies der Webseite verwalten
     * © Make-Up Art Cosmetics. Alle weltweiten rechte vorbehalten.

     * DATENSCHUTZ
     * AGB
     * FÄLSCHUNGEN
     * NUTZUNGSBEDINGUNGEN
     * IMPRESSUM
     * Cookies der Webseite verwalten

   © Make-Up Art Cosmetics. Alle weltweiten rechte vorbehalten.
   #alternate alternate

     * VIVA GLAM 25
     * NEU!
          + see (node/22144)
          + HOLIDAY KOLLEKTION KAUFEN
          + GESCHENKE FINDEN
     * PRODUKTE
          + Makeup
               o Augen
                    # Eye Shadow
                    # Eye Paletten
                    # Liner
                    # Mascara
                    # Brauen
                    # Wimpern
                    # Primer
               o Lippen
                    # Lippenstift
                    # Lip Pencil
                    # Lip Gloss
                    # Lippenpflege + Primer
                    # Lippen Paletten
                    # LIP COLOUR FINDER
               o Gesicht
                    # Foundation
                    # Puder
                    # Wangen
                    # Concealer
                    # Primer
                    # Highlighter
                    # BB + CC
               o Pro Produkte
                    # Augen
                    # Lippen
                    # Gesicht
                    # Wunderwaffen
          + Primer + Pflege
               o Make-up Entferner
               o Feuchtigkeitspflege
               o Primer
               o BB + CC
          + Sets
          + Reisegrössen
          + Pinsel + Werkzeuge
               o Pinsel
                    # Augen
                    # Lippen
                    # Gesicht
                    # Alle Pinsel
                    # Pinsel Kits
               o Werkzeuge
                    # Pro Palette
                    # Döschen & Fläschchen
                    # Applikatoren
                    # Accessoires
                    # Kosmetiktaschen
          + Duft
               o Turquatic
               o Shadescents
          + JETZT IM TREND
               o Festival Fever
               o Highlighter
               o Rote Lippen
               o Matte Lippen
          + VIPs
               o Prep + Prime
               o Pro Longwear
               o Mineralize
               o Lightful C
               o Studio
     * BESTSELLER
     * SALE
     * ANGEBOTE
     * Entdecken
          + M·A·C AIDS FUND
          + Die Artists
          + Videos
          + Wer wir sind
     * SERVICES
          + MAKE-UP SERVICE BUCHEN
          + STORES FINDEN
          + LIP COLOUR FINDER

   DEIN GESCHENK: TESTE JETZT 3 BESTSELLER-LIPSTICK SHADES BEI JEDER
   BESTELLUNG. YASSS

MAC Germany E-Commerce Site MAC Germany E-Commerce Site

     Viva Glam 25
     NEU!
          + Alle Kollektionen ansehen
          + M·A·C PONY PARK
          + LOVE ME LIPSTICKS
          + STUDIO FIX SOFT MATTE FOUNDATION STICK
          + GLOW GETTER KITS
     PRODUKTE
          + Makeup

AUGEN
               o Eye Shadow
               o Liner
               o Mascara
               o Brauen
               o Wimpern
               o Primer
               o Eye Paletten

Lippen
               o Lippenstift
               o Lip Gloss
               o Lip Pencil
               o Lippenpflege + Primer
               o Lippen Paletten
               o LIP COLOUR FINDER

GESICHT
               o Foundation
               o Puder
               o Blush
               o Highlighter & Contouring
               o Concealer
               o Primer
               o Wunderwaffen
               o BB + CC
               o Face Paletten

PRO PRODUKTE
               o AUGEN
               o Lippen
               o GESICHT
               o Wunderwaffen
            []
            []
          + PRIMER + PFLEGE
               o Make-up Entferner
               o Feuchtigkeitspflege
               o Primer
               o BB + CC
            PERFEKTIONIERE DEINEN<br>LOOK MIT PREP + PRIME<br>
            PERFEKTIONIERE DEINEN
            LOOK MIT PREP + PRIME
            BRING DEINE HAUT ZUM<br>STRAHLEN MIT LIGHTFUL C<br>
            BRING DEINE HAUT ZUM
            STRAHLEN MIT LIGHTFUL C
          + PINSEL + TOOLS

PINSEL
               o Augen
               o Lippen
               o Gesicht
               o ALLE PINSEL
               o Pinsel Kits

WERKZEUGE
               o Pro Palette
               o Döschen & Fläschchen
               o Applikatoren
               o Accessoires
               o Kosmetiktaschen
            BESTIMME DEINE PALETTE,<br>WÄHLE DEINE FARBNUANCEN<br>
            BESTIMME DEINE PALETTE,
            WÄHLE DEINE FARBNUANCEN
          + SETS
          + Reisegrössen
          + DUFT
               o Turquatic
               o Shadescents
          + JETZT IM TREND
               o Festival Fever
               o Highlighter
               o Rote Lippen
               o Matte Lippen
          + VIPs
               o Prep + Prime
               o Pro Longwear
               o Mineralize
               o Lightful C
               o Studio
     BESTSELLER
     Sale
     Angebote
     Entdecken
          + M·A·C AIDS FUND
          + DIE ARTISTS
          + Videos
          + Wer wir sind
     Services
          + MAKE-UP SERVICE BUCHEN
          + STORES FINDEN

     * Kontakt: (0) 800-90 10 200 (gebührenfrei)
     * Maile Uns

   ____________________ Submit
   0

   Bearbeiten
   Ihr Warenkorb
   In den Warenkorb gelegt

   Zwischensumme
   Zur Kasse

   VERSANDKOSTENFREI AB 25€
   My
   M·A·C
   Anmelden

   Anmelden
   My M·A·C

   BITTE GIB DEINE E-MAIL ADRESSE EIN.

   Haben Sie einen M•A•C Account oder schon mal eine Bewertung
   geschrieben? Registieren
   ____________________
   ____________________

   Haben Sie Ihr Passwort vergessen?
   ANMELDEN

oder

   Bitte stimmen Sie den AGB und der Datenschutzerklärung zu, um sich mit
   Ihrem Facebook-Profil anzumelden.
   []
   [ ] Mit Klick auf “Login mit Facebook” stimmen Sie unseren Allgemeinen
   Geschäftsbedingungen und Datenschutzbestimmungenunter MAC Cosmetics zu.
   Wie wir Ihre Daten verwenden? Mit dem Anklicken der Schaltfläche
   "Weiter mit Facebook" stimmen Sie der Verwendung Ihres Vor- und
   Nachnamens, Geburtstages, Geschlechts, Standortes, Alters und
   Beziehungsstatus zur Erstellung und Verwaltung Ihres Benutzerkontos zu.
   Ihre E-Mail-Adresse aus Ihrem öffentlichen Facebook Profil kann
   gespeichert werden, sollten Sie diese Auswahl getroffen haben. Alle
   weiteren, personenbezogenen Daten die Ihr öffentliches Facebook Profil
   beinhaltet, werden nicht von M∙A∙C gespeichert. Wenn Sie diesen
   Bedingungen nicht zustimmen möchten, nutzen Sie bitte die Option
   "Account anlegen". Sie können Ihre personenbezogenen Daten jederzeit
   einsehen, ändern oder löschen, indem Sie eine E-Mail an
   kundenservice@cs.de.maccosmetics.com senden. Für weitere Informationen
   zum Datenschutz der Estée Lauder Companies GmbH lesen Sie bitte unsere
   Datenschutzerklärung
   [ ] Ja, bitte senden Sie mir Emails mit Informationen, exklusive
   Angeboten, Neuheiten und Experten-Tipps zu.
   Wie wir Ihre Daten verwenden? Mit dem Anklicken der Auswahlbox stimmen
   Sie der Verwendung Ihrer E-Mail-Adresse für die Zusendung des
   Marketing-Newsletters und von Informationen zu M∙A∙C Produkten,
   Veranstaltungen und Angeboten zu. Sie können sich jederzeit durch das
   Anklicken des Abmelde-Links in jedem Newsletter wieder abmelden. Für
   weitere Informationen zum Datenschutz der Estée Lauder Companies GmbH
   lesen Sie bitte unsere Datenschutzerklärung.

     * Mein Profil
     * Profil
     * Bestellungen
     * Gekaufte Produkte
     * Meine Favoriten
     * Abmelden

   NEWSLETTER ABONNIEREN!
   Vielen Dank!

   Ich möchte von M∙A∙C Cosmetics über Produktneuheiten, Dienstleistungen,
   Events und Sonderangebote informiert werden und benachrichtigt werden,
   wenn Produkte online erhältlich sind, noch bevor sie in den Stores
   eintreffen.

   ____________________
   ____________________
   [ ]

   Bitte sehen Sie sich unsere Datenschutzerklärung genau an.

   Ihre E-Mail-Adresse wird nur für die Zusendung des
   Marketing-Newsletters und von Informationen zu MAC Produkten,
   Veranstaltungen und Angeboten verwendet. Sie können sich jederzeit
   durch das Anklicken des Abmelde-Links in jedem Newsletter wieder
   abmelden. Für weitere Informationen zum Datenschutz der Estée Lauder
   Companies GmbH lesen Sie bitte unsere Datenschutzerklärung.
   ABSENDEN

     You are currently signed in as:
   csr signout Session open for :
   Reset customer

     * Lippen /
     * Lippenstift /
     * Matte Lipstick

   Marrakesh
   Warmes Rot
     * ÜBERSICHT
     * DETAILS
     * Farbmuster
     * Farbnamen

   Noch keine Bewertung

Matte Lipstick

Eine cremig, reichhaltige Formel mit starker Farbpigmentierung und mattem,
nicht-glänzendem Finish.

   €21.50
   3 g
   €716.67 / 100g
   Alle Farben ansehen
   Filtern nach
   (BUTTON) Alles (BUTTON) berry (BUTTON) nude (BUTTON) orange (BUTTON)
   rosa (BUTTON) rot (BUTTON) wage_etwas_anderes
     * Marrakesh
     * Soar
     * Mehr
     * Down to an Art
     * You Wouldn't Get It
     * Bronx
     * Velvet Teddy
     * Derrière
     * Love U Back
     * Kinkster
     * Double Fudge
     * Consensual
     * Bareback
     * Whirl
     * Really Me
     * Breathing Fire
     * Mangrove
     * Red Rock
     * In The Spirit
     * Punk Couture
     * Antique Velvet
     * Candy Yum-Yum
     * Chili
     * D for Danger
     * Diva
     * Heroine
     * Honeylove
     * Instigator
     * Kinda Sexy
     * Lady Danger
     * Matte Royal
     * Men Love Mystery
     * Pink Pigeon
     * Please Me
     * Russian Red
     * Sin
     * Smoked Purple
     * So Chaud
     * Stone
     * Studded Kiss
     * Taupe
     * Tropic Tonic
     * Rocker
     * Yash

   (BUTTON) (BUTTON)

Vollständige Beschreibung

   M·A·C Lipstick – das Kult-Produkt, das M·A·C zum Erfolg führte. Diese
   cremige, reichhaltige Formel zeichnet sich durch starke
   Farbpigmentierung und ein mattes, nicht-glänzendes Finish aus.

Anwendung

     * Den Lippenstift direkt auf die Lippen auftragen oder den 316 Brush
       für einen präziseren Auftrag verwenden.

Inhaltsstoffe

   Ingredients: Octyldodecanol , Ricinus Communis (Castor) Seed Oil ,
   Silica , Tricaprylyl Citrate , Ozokerite , Isononyl Isononanoate ,
   Paraffin , Phenyl Trimethicone , Microcrystalline Wax \Cera
   Microcristallina\Cire Microcristalline , Ethylhexyl Palmitate ,
   Caprylic/Capric Triglyceride , Copernicia Cerifera (Carnauba) Wax\Cera
   Carnauba\Cire De Carnauba , Ascorbyl Palmitate , Tocopherol , Vanillin
   , Acrylates Copolymer , Polyethylene Terephthalate , Stearyl Stearoyl
   Stearate , [+/- Mica , Titanium Dioxide (Ci 77891) , Iron Oxides (Ci
   77491, Ci 77492, Ci 77499) , Blue 1 Lake (Ci 42090) , Carmine (Ci
   75470) , Red 6 (Ci 15850) , Red 6 Lake (Ci 15850) , Red 7 Lake (Ci
   15850) , Red 21 Lake (Ci 45380) , Red 28 Lake (Ci 45410) , Red 30 Lake
   (Ci 73360) , Red 33 Lake (Ci 17200) , Yellow 5 Lake (Ci 19140) , Yellow
   6 Lake (Ci 15985) , Yellow 10 Lake (Ci 47005)]

   Bitte beachte, dass die Liste der Inhaltsstoffe von Zeit zu Zeit
   variieren kann. Für eine exakte Angabe, schau Dir bitte die
   Inhaltsstoffe auf der Produktverpackung an.
     * Farbmuster
     * Farbnamen

   Filtern
   (BUTTON) Alles
   Farbe
   (berry) (nude) (orange) (rosa) (rot) (wage_etwas_anderes)
   €21.50
     *
     *
     *
     *
     *
     *
     *
     *
     *
     *
     *
     *
     *
     *
     *
     *
     *
     *
     *
     *
     *
     *
     *
     *
     *
     *
     *
     *
     *
     *
     *
     *
     *
     *
     *
     *
     *
     *
     *
     *
     *
     *
     *
     *

     * Farbmuster
     * Farbnamen

   €21.50
     * Marrakesh
     * Soar
     * Mehr
     * Down to an Art
     * You Wouldn't Get It
     * Bronx
     * Velvet Teddy
     * Derrière
     * Love U Back
     * Kinkster
     * Double Fudge
     * Consensual
     * Bareback
     * Whirl
     * Really Me
     * Breathing Fire
     * Mangrove
     * Red Rock
     * In The Spirit
     * Punk Couture
     * Antique Velvet
     * Candy Yum-Yum
     * Chili
     * D for Danger
     * Diva
     * Heroine
     * Honeylove
     * Instigator
     * Kinda Sexy
     * Lady Danger
     * Matte Royal
     * Men Love Mystery
     * Pink Pigeon
     * Please Me
     * Russian Red
     * Sin
     * Smoked Purple
     * So Chaud
     * Stone
     * Studded Kiss
     * Taupe
     * Tropic Tonic
     * Rocker
     * Yash

   Zu Favoriten hinzufügen
   Zu Favoriten hinzugefügt
   Hinzugefügt zu den Favoriten!
   In den Warenkorb legen
   Zurzeit ausverkauft
   Zurzeit ausverkauft
   Bald erhältlich
   Sorry, dieses Produkt wird nicht mehr angeboten
   Ausverkauft

   Postleitzahl angeben, um den voraussichtlichen Liefertermin für
   lieferbare Produkte zu erfahren
   ____________________
   (BUTTON) Ausführen
   AGB's und Nutzungsbedingungen
   Der voraussichtliche Liefertermin gilt für Produkte, die vorrätig sind
   und kann, abhängig von der Versandart, nicht immer genannt werden. Der
   voraussichtliche Liefertermin gibt lediglich an, wann ein versendeter
   Artikel ungefähr bei Ihnen eintreffen wird. Der Termin kann sich
   ändern. Den voraussichtlichen Versandtermin bei Vorbestellungen
   erfahren Sie auf der Produktseite. Wir geben uns große Mühe, möglichst
   genaue Angaben zum Liefertermin zu machen. Sobald Ihre Sendung das
   Lager verlassen hat, können Sie mit Hilfe der Tracking-Nummer den
   Status Ihrer Bestellung nachverfolgen. Die Tracking-Nummer erhalten Sie
   in der Bestätigungs E-Mail.

Voraussichtlicher Liefertermin

Versandart

   @maccosmeticsdeutschland

SOCIAL SKILLS

   Zeige uns Deine legendären Lieblings-Looks! #MACSTYLE

   Das könnte Dir auch gefallen …

Passt gut zu

   Zurzeit ausverkauft

Lip Pencil

   €18.00
   1.45 g
   €1241.38 / 100g
   Shop 28 Farben
   Zurzeit ausverkauft
   Zurzeit ausverkauft
   Bald erhältlich
   Sorry, dieses Produkt wird nicht mehr angeboten
   Ausverkauft
   Zurzeit ausverkauft

Prep + Prime Lip

   €19.50
   1.7 g
   €1147.06 / 100g
   In den Warenkorb legen
   Zurzeit ausverkauft
   Zurzeit ausverkauft
   Bald erhältlich
   Sorry, dieses Produkt wird nicht mehr angeboten
   Ausverkauft
   Zurzeit ausverkauft

Lip Conditioner (Tube)

   €18.00
   15 ml
   €120.00 / 100ml
   In den Warenkorb legen
   Zurzeit ausverkauft
   Zurzeit ausverkauft
   Bald erhältlich
   Sorry, dieses Produkt wird nicht mehr angeboten
   Ausverkauft
   Zurzeit ausverkauft

318 Synthetic Retractable Lip Brush

   €30.00
   1 Stck
   €30.00 / 1Stck
   In den Warenkorb legen
   Zurzeit ausverkauft
   Zurzeit ausverkauft
   Bald erhältlich
   Sorry, dieses Produkt wird nicht mehr angeboten
   Ausverkauft
   Zurzeit ausverkauft

318 Synthetic Retractable Lip Brush

   €30.00
   1 Stck
   €30.00 / 1Stck
   In den Warenkorb legen
   Zurzeit ausverkauft
   Zurzeit ausverkauft
   Bald erhältlich
   Sorry, dieses Produkt wird nicht mehr angeboten
   Ausverkauft
   Zurzeit ausverkauft

Eye Shadow

   €19.50
   1.5 g
   €1300.00 / 100g
   Shop 130 Farben
   Zurzeit ausverkauft
   Zurzeit ausverkauft
   Bald erhältlich
   Sorry, dieses Produkt wird nicht mehr angeboten
   Ausverkauft
   Produktbewertungen

Eure wahre Meinung

Benötigen sie hilfe?

   Telefon 0800-90 10 200

DEIN M·A·C STORE

     * M·A·C STORE SUCHEN
     * BUCHE DEINEN MAKE-UP SERVICE TERMIN IM STORE
     * ALLE MAKE-UP SERVICES

Kundenservice

     * Kontakt
     * Kundenservice Hotline
     * Häufige fragen
     * Bestellstatus
     * Versandinformationen
     * Widerrufsrecht
     * 6 GUTE GRÜNDE BEI M∙A∙C ONLINE EINZUKAUFEN

Über uns

     * M·A·C Pro Mitgliedschaft
     * M·A·C AIDS Fund
     * Wer wir sind
     * Karriere
     * Tierversuche
     * BACK2MAC

MY M·A·C

     * Kundenprofil
     * Bestellhistorie
     * Favoriten

Connect

     *
     *
     *
     *
     *
     *

LAND WÄHLEN

   Deutschland

   /

     * KUNDENSERVICE
          + KONTAKT
          + HÄUFIGE FRAGEN
          + BESTELLHISTORIE
          + VERSANDINFORMATIONEN
          + WIDERRUFSRECHT
          + 6 GUTE GRÜNDE BEI M∙A∙C ONLINE EINZUKAUFEN
     * ÜBER UNS
          + WER WIR SIND
          + M∙A∙C AIDS FUND
          + M∙A∙C PRO MITGLIEDSCHAFT
          + KARRIERE
          + Tierversuche
          + BACK2MAC
     * M∙A∙C STORE SUCHEN
     * ALLE MAKE-UP SERVICES
     * NEWSLETTER ABONNIEREN
     * Mein profil / Anmelden
     * BUCHE DEINEN MAKE-UP SERVICE TERMIN IM STORE

Connect

     *
     *
     *
     *
     *
     *

     * DATENSCHUTZ
     * AGB
     * FÄLSCHUNGEN
     * NUTZUNGSBEDINGUNGEN
     * IMPRESSUM
     * Cookies der Webseite verwalten
     * © Make-Up Art Cosmetics. Alle weltweiten rechte vorbehalten.

     * DATENSCHUTZ
     * AGB
     * FÄLSCHUNGEN
     * NUTZUNGSBEDINGUNGEN
     * IMPRESSUM
     * Cookies der Webseite verwalten

   © Make-Up Art Cosmetics. Alle weltweiten rechte vorbehalten.
   #alternate alternate alternate alternate alternate alternate alternate
   alternate alternate alternate alternate alternate alternate alternate
   alternate alternate alternate alternate alternate alternate alternate
   alternate alternate alternate alternate alternate alternate alternate
   alternate alternate alternate alternate alternate alternate alternate
   alternate alternate alternate alternate alternate alternate alternate
   alternate alternate alternate alternate alternate alternate

     * VIVA GLAM 25
     * NEU!
          + see (node/22144)
          + HOLIDAY KOLLEKTION KAUFEN
          + GESCHENKE FINDEN
     * PRODUKTE
          + Makeup
               o Augen
                    # Eye Shadow
                    # Eye Paletten
                    # Liner
                    # Mascara
                    # Brauen
                    # Wimpern
                    # Primer
               o Lippen
                    # Lippenstift
                    # Lip Pencil
                    # Lip Gloss
                    # Lippenpflege + Primer
                    # Lippen Paletten
                    # LIP COLOUR FINDER
               o Gesicht
                    # Foundation
                    # Puder
                    # Wangen
                    # Concealer
                    # Primer
                    # Highlighter
                    # BB + CC
               o Pro Produkte
                    # Augen
                    # Lippen
                    # Gesicht
                    # Wunderwaffen
          + Primer + Pflege
               o Make-up Entferner
               o Feuchtigkeitspflege
               o Primer
               o BB + CC
          + Sets
          + Reisegrössen
          + Pinsel + Werkzeuge
               o Pinsel
                    # Augen
                    # Lippen
                    # Gesicht
                    # Alle Pinsel
                    # Pinsel Kits
               o Werkzeuge
                    # Pro Palette
                    # Döschen & Fläschchen
                    # Applikatoren
                    # Accessoires
                    # Kosmetiktaschen
          + Duft
               o Turquatic
               o Shadescents
          + JETZT IM TREND
               o Festival Fever
               o Highlighter
               o Rote Lippen
               o Matte Lippen
          + VIPs
               o Prep + Prime
               o Pro Longwear
               o Mineralize
               o Lightful C
               o Studio
     * BESTSELLER
     * SALE
     * ANGEBOTE
     * Entdecken
          + M·A·C AIDS FUND
          + Die Artists
          + Videos
          + Wer wir sind
     * SERVICES
          + MAKE-UP SERVICE BUCHEN
          + STORES FINDEN
          + LIP COLOUR FINDER

   DEIN GESCHENK: TESTE JETZT 3 BESTSELLER-LIPSTICK SHADES BEI JEDER
   BESTELLUNG. YASSS

MAC Germany E-Commerce Site MAC Germany E-Commerce Site

     Viva Glam 25
     NEU!
          + Alle Kollektionen ansehen
          + M·A·C PONY PARK
          + LOVE ME LIPSTICKS
          + STUDIO FIX SOFT MATTE FOUNDATION STICK
          + GLOW GETTER KITS
     PRODUKTE
          + Makeup

AUGEN
               o Eye Shadow
               o Liner
               o Mascara
               o Brauen
               o Wimpern
               o Primer
               o Eye Paletten

Lippen
               o Lippenstift
               o Lip Gloss
               o Lip Pencil
               o Lippenpflege + Primer
               o Lippen Paletten
               o LIP COLOUR FINDER

GESICHT
               o Foundation
               o Puder
               o Blush
               o Highlighter & Contouring
               o Concealer
               o Primer
               o Wunderwaffen
               o BB + CC
               o Face Paletten

PRO PRODUKTE
               o AUGEN
               o Lippen
               o GESICHT
               o Wunderwaffen
            []
            []
          + PRIMER + PFLEGE
               o Make-up Entferner
               o Feuchtigkeitspflege
               o Primer
               o BB + CC
            PERFEKTIONIERE DEINEN<br>LOOK MIT PREP + PRIME<br>
            PERFEKTIONIERE DEINEN
            LOOK MIT PREP + PRIME
            BRING DEINE HAUT ZUM<br>STRAHLEN MIT LIGHTFUL C<br>
            BRING DEINE HAUT ZUM
            STRAHLEN MIT LIGHTFUL C
          + PINSEL + TOOLS

PINSEL
               o Augen
               o Lippen
               o Gesicht
               o ALLE PINSEL
               o Pinsel Kits

WERKZEUGE
               o Pro Palette
               o Döschen & Fläschchen
               o Applikatoren
               o Accessoires
               o Kosmetiktaschen
            BESTIMME DEINE PALETTE,<br>WÄHLE DEINE FARBNUANCEN<br>
            BESTIMME DEINE PALETTE,
            WÄHLE DEINE FARBNUANCEN
          + SETS
          + Reisegrössen
          + DUFT
               o Turquatic
               o Shadescents
          + JETZT IM TREND
               o Festival Fever
               o Highlighter
               o Rote Lippen
               o Matte Lippen
          + VIPs
               o Prep + Prime
               o Pro Longwear
               o Mineralize
               o Lightful C
               o Studio
     BESTSELLER
     Sale
     Angebote
     Entdecken
          + M·A·C AIDS FUND
          + DIE ARTISTS
          + Videos
          + Wer wir sind
     Services
          + MAKE-UP SERVICE BUCHEN
          + STORES FINDEN

     * Kontakt: (0) 800-90 10 200 (gebührenfrei)
     * Maile Uns

   ____________________ Submit
   0

   Bearbeiten
   Ihr Warenkorb
   In den Warenkorb gelegt

   Zwischensumme
   Zur Kasse

   VERSANDKOSTENFREI AB 25€
   My
   M·A·C
   Anmelden

   Anmelden
   My M·A·C

   BITTE GIB DEINE E-MAIL ADRESSE EIN.

   Haben Sie einen M•A•C Account oder schon mal eine Bewertung
   geschrieben? Registieren
   ____________________
   ____________________

   Haben Sie Ihr Passwort vergessen?
   ANMELDEN

oder

   Bitte stimmen Sie den AGB und der Datenschutzerklärung zu, um sich mit
   Ihrem Facebook-Profil anzumelden.
   []
   [ ] Mit Klick auf “Login mit Facebook” stimmen Sie unseren Allgemeinen
   Geschäftsbedingungen und Datenschutzbestimmungenunter MAC Cosmetics zu.
   Wie wir Ihre Daten verwenden? Mit dem Anklicken der Schaltfläche
   "Weiter mit Facebook" stimmen Sie der Verwendung Ihres Vor- und
   Nachnamens, Geburtstages, Geschlechts, Standortes, Alters und
   Beziehungsstatus zur Erstellung und Verwaltung Ihres Benutzerkontos zu.
   Ihre E-Mail-Adresse aus Ihrem öffentlichen Facebook Profil kann
   gespeichert werden, sollten Sie diese Auswahl getroffen haben. Alle
   weiteren, personenbezogenen Daten die Ihr öffentliches Facebook Profil
   beinhaltet, werden nicht von M∙A∙C gespeichert. Wenn Sie diesen
   Bedingungen nicht zustimmen möchten, nutzen Sie bitte die Option
   "Account anlegen". Sie können Ihre personenbezogenen Daten jederzeit
   einsehen, ändern oder löschen, indem Sie eine E-Mail an
   kundenservice@cs.de.maccosmetics.com senden. Für weitere Informationen
   zum Datenschutz der Estée Lauder Companies GmbH lesen Sie bitte unsere
   Datenschutzerklärung
   [ ] Ja, bitte senden Sie mir Emails mit Informationen, exklusive
   Angeboten, Neuheiten und Experten-Tipps zu.
   Wie wir Ihre Daten verwenden? Mit dem Anklicken der Auswahlbox stimmen
   Sie der Verwendung Ihrer E-Mail-Adresse für die Zusendung des
   Marketing-Newsletters und von Informationen zu M∙A∙C Produkten,
   Veranstaltungen und Angeboten zu. Sie können sich jederzeit durch das
   Anklicken des Abmelde-Links in jedem Newsletter wieder abmelden. Für
   weitere Informationen zum Datenschutz der Estée Lauder Companies GmbH
   lesen Sie bitte unsere Datenschutzerklärung.

     * Mein Profil
     * Profil
     * Bestellungen
     * Gekaufte Produkte
     * Meine Favoriten
     * Abmelden

   NEWSLETTER ABONNIEREN!
   Vielen Dank!

   Ich möchte von M∙A∙C Cosmetics über Produktneuheiten, Dienstleistungen,
   Events und Sonderangebote informiert werden und benachrichtigt werden,
   wenn Produkte online erhältlich sind, noch bevor sie in den Stores
   eintreffen.

   ____________________
   ____________________
   [ ]

   Bitte sehen Sie sich unsere Datenschutzerklärung genau an.

   Ihre E-Mail-Adresse wird nur für die Zusendung des
   Marketing-Newsletters und von Informationen zu MAC Produkten,
   Veranstaltungen und Angeboten verwendet. Sie können sich jederzeit
   durch das Anklicken des Abmelde-Links in jedem Newsletter wieder
   abmelden. Für weitere Informationen zum Datenschutz der Estée Lauder
   Companies GmbH lesen Sie bitte unsere Datenschutzerklärung.
   ABSENDEN

     You are currently signed in as:
   csr signout Session open for :
   Reset customer

Artistry

     * DIE ARTISTS
     * Videos

Artistry

   Lernen Sie unsere weltbekannten Artists kennen, finden Sie heraus
   welche ihre persönlichen Makeup Must-Haves sind und sehen Sie sie in
   Aktion, um das eine oder andere Beauty-Geheimnis zu lüften.

LERNEN SIE
DIE ARTISTS KENNEN

   Individuelles Können vereint durch Leidenschaft. Entdecken Sie die
   verschiedenen Talente und Stile unserer herausragenden, globalen
   Artists.
   Alle Artists

   STOCKING UP ON MY FAVORITE LIPSTICKS #RETROMATT #LIQUIDLIPSTICK
   @MACCOSMETICS #MAKEUPARTIST https://t.co/JyRSIUupdD
   @MAC_Romero_J
   January 8, 2016 AT 11:13 am

Terry Barber

   Global Director
   Bei M·A·C seit 1993
   UK
   PROFIL ANSEHEN

   OBSESSING OVER #MATCHMASTER SHADE INTELLIGENCE COMPACT. I'M A 3 ON THE
   OUTSIDE (AND A PERFECT 10 ON THE INSIDE!) ;) #MACCOSMETICS
   @MAC_Gregory_A
   January 9, 2016 AT 1:57 pm

Gina Bettelli

   Senior Artist
   Bei M·A·C seit 2001
   USA
   PROFIL ANSEHEN

Beatriz Cisneros

   Senior Artist
   Bei M·A·C seit 2001
   Mexiko
   PROFIL ANSEHEN

ARTIST VIDEOS

   Perfektionieren Sie Ihr Makeup mit Hilfe unserer Videos, die von
   schnellen, einfachen Tipps bis zu anspruchsvollen Techniken alles
   zeigen.
   Videos Ansehen

   0:52
   Sofortige Makeup-Kunst / Lippen

Strahlend-glossige Lippen

   0:52

   Der ideale Sommer-Look für deine Lippen: super transparent, glossy und
   sexy! Senior Artist Mickey Contractor zeigt dir seine Lieblings-Technik
   für strahlende, volle Lippen.
   Video ansehen

   0:42
   Sofortige Makeup-Kunst / Lippen

Perfekte Nude-Lippen in 30 Sekunden

   0:42

   Der Director of Make-up Artistry Mickey Contractor zeigt Dir, wie Du in
   kürzester Zeit perfekte Lippen im Nude Look schminkst.
   Video ansehen

   1:08
   Sofortige Makeup-Kunst / Gesicht

Sanfte Konturen

   1:08

   Du möchtest lernen, wie du dein Gesicht in wenigen einfachen Schritten
   ganz natürlich und ohne Maskeneffekt konturierst? Unser Senior Artist
   Mickey Contractor zeigt dir wie!
   Video ansehen

Benötigen sie hilfe?

   Telefon 0800-90 10 200

DEIN M·A·C STORE

     * M·A·C STORE SUCHEN
     * BUCHE DEINEN MAKE-UP SERVICE TERMIN IM STORE
     * ALLE MAKE-UP SERVICES

Kundenservice

     * Kontakt
     * Kundenservice Hotline
     * Häufige fragen
     * Bestellstatus
     * Versandinformationen
     * Widerrufsrecht
     * 6 GUTE GRÜNDE BEI M∙A∙C ONLINE EINZUKAUFEN

Über uns

     * M·A·C Pro Mitgliedschaft
     * M·A·C AIDS Fund
     * Wer wir sind
     * Karriere
     * Tierversuche
     * BACK2MAC

MY M·A·C

     * Kundenprofil
     * Bestellhistorie
     * Favoriten

Connect

     *
     *
     *
     *
     *
     *

LAND WÄHLEN

   Deutschland

   /

     * KUNDENSERVICE
          + KONTAKT
          + HÄUFIGE FRAGEN
          + BESTELLHISTORIE
          + VERSANDINFORMATIONEN
          + WIDERRUFSRECHT
          + 6 GUTE GRÜNDE BEI M∙A∙C ONLINE EINZUKAUFEN
     * ÜBER UNS
          + WER WIR SIND
          + M∙A∙C AIDS FUND
          + M∙A∙C PRO MITGLIEDSCHAFT
          + KARRIERE
          + Tierversuche
          + BACK2MAC
     * M∙A∙C STORE SUCHEN
     * ALLE MAKE-UP SERVICES
     * NEWSLETTER ABONNIEREN
     * Mein profil / Anmelden
     * BUCHE DEINEN MAKE-UP SERVICE TERMIN IM STORE

Connect

     *
     *
     *
     *
     *
     *

     * DATENSCHUTZ
     * AGB
     * FÄLSCHUNGEN
     * NUTZUNGSBEDINGUNGEN
     * IMPRESSUM
     * Cookies der Webseite verwalten
     * © Make-Up Art Cosmetics. Alle weltweiten rechte vorbehalten.

     * DATENSCHUTZ
     * AGB
     * FÄLSCHUNGEN
     * NUTZUNGSBEDINGUNGEN
     * IMPRESSUM
     * Cookies der Webseite verwalten

   © Make-Up Art Cosmetics. Alle weltweiten rechte vorbehalten.
   #alternate alternate

     * VIVA GLAM 25
     * NEU!
          + see (node/22144)
          + HOLIDAY KOLLEKTION KAUFEN
          + GESCHENKE FINDEN
     * PRODUKTE
          + Makeup
               o Augen
                    # Eye Shadow
                    # Eye Paletten
                    # Liner
                    # Mascara
                    # Brauen
                    # Wimpern
                    # Primer
               o Lippen
                    # Lippenstift
                    # Lip Pencil
                    # Lip Gloss
                    # Lippenpflege + Primer
                    # Lippen Paletten
                    # LIP COLOUR FINDER
               o Gesicht
                    # Foundation
                    # Puder
                    # Wangen
                    # Concealer
                    # Primer
                    # Highlighter
                    # BB + CC
               o Pro Produkte
                    # Augen
                    # Lippen
                    # Gesicht
                    # Wunderwaffen
          + Primer + Pflege
               o Make-up Entferner
               o Feuchtigkeitspflege
               o Primer
               o BB + CC
          + Sets
          + Reisegrössen
          + Pinsel + Werkzeuge
               o Pinsel
                    # Augen
                    # Lippen
                    # Gesicht
                    # Alle Pinsel
                    # Pinsel Kits
               o Werkzeuge
                    # Pro Palette
                    # Döschen & Fläschchen
                    # Applikatoren
                    # Accessoires
                    # Kosmetiktaschen
          + Duft
               o Turquatic
               o Shadescents
          + JETZT IM TREND
               o Festival Fever
               o Highlighter
               o Rote Lippen
               o Matte Lippen
          + VIPs
               o Prep + Prime
               o Pro Longwear
               o Mineralize
               o Lightful C
               o Studio
     * BESTSELLER
     * SALE
     * ANGEBOTE
     * Entdecken
          + M·A·C AIDS FUND
          + Die Artists
          + Videos
          + Wer wir sind
     * SERVICES
          + MAKE-UP SERVICE BUCHEN
          + STORES FINDEN
          + LIP COLOUR FINDER

   DEIN GESCHENK: TESTE JETZT 3 BESTSELLER-LIPSTICK SHADES BEI JEDER
   BESTELLUNG. YASSS

MAC Germany E-Commerce Site MAC Germany E-Commerce Site

     Viva Glam 25
     NEU!
          + Alle Kollektionen ansehen
          + M·A·C PONY PARK
          + LOVE ME LIPSTICKS
          + STUDIO FIX SOFT MATTE FOUNDATION STICK
          + GLOW GETTER KITS
     PRODUKTE
          + Makeup

AUGEN
               o Eye Shadow
               o Liner
               o Mascara
               o Brauen
               o Wimpern
               o Primer
               o Eye Paletten

Lippen
               o Lippenstift
               o Lip Gloss
               o Lip Pencil
               o Lippenpflege + Primer
               o Lippen Paletten
               o LIP COLOUR FINDER

GESICHT
               o Foundation
               o Puder
               o Blush
               o Highlighter & Contouring
               o Concealer
               o Primer
               o Wunderwaffen
               o BB + CC
               o Face Paletten

PRO PRODUKTE
               o AUGEN
               o Lippen
               o GESICHT
               o Wunderwaffen
            []
            []
          + PRIMER + PFLEGE
               o Make-up Entferner
               o Feuchtigkeitspflege
               o Primer
               o BB + CC
            PERFEKTIONIERE DEINEN<br>LOOK MIT PREP + PRIME<br>
            PERFEKTIONIERE DEINEN
            LOOK MIT PREP + PRIME
            BRING DEINE HAUT ZUM<br>STRAHLEN MIT LIGHTFUL C<br>
            BRING DEINE HAUT ZUM
            STRAHLEN MIT LIGHTFUL C
          + PINSEL + TOOLS

PINSEL
               o Augen
               o Lippen
               o Gesicht
               o ALLE PINSEL
               o Pinsel Kits

WERKZEUGE
               o Pro Palette
               o Döschen & Fläschchen
               o Applikatoren
               o Accessoires
               o Kosmetiktaschen
            BESTIMME DEINE PALETTE,<br>WÄHLE DEINE FARBNUANCEN<br>
            BESTIMME DEINE PALETTE,
            WÄHLE DEINE FARBNUANCEN
          + SETS
          + Reisegrössen
          + DUFT
               o Turquatic
               o Shadescents
          + JETZT IM TREND
               o Festival Fever
               o Highlighter
               o Rote Lippen
               o Matte Lippen
          + VIPs
               o Prep + Prime
               o Pro Longwear
               o Mineralize
               o Lightful C
               o Studio
     BESTSELLER
     Sale
     Angebote
     Entdecken
          + M·A·C AIDS FUND
          + DIE ARTISTS
          + Videos
          + Wer wir sind
     Services
          + MAKE-UP SERVICE BUCHEN
          + STORES FINDEN

     * Kontakt: (0) 800-90 10 200 (gebührenfrei)
     * Maile Uns

   ____________________ Submit
   0

   Bearbeiten
   Ihr Warenkorb
   In den Warenkorb gelegt

   Zwischensumme
   Zur Kasse

   VERSANDKOSTENFREI AB 25€
   My
   M·A·C
   Anmelden

   Anmelden
   My M·A·C

   BITTE GIB DEINE E-MAIL ADRESSE EIN.

   Haben Sie einen M•A•C Account oder schon mal eine Bewertung
   geschrieben? Registieren
   ____________________
   ____________________

   Haben Sie Ihr Passwort vergessen?
   ANMELDEN

oder

   Bitte stimmen Sie den AGB und der Datenschutzerklärung zu, um sich mit
   Ihrem Facebook-Profil anzumelden.
   []
   [ ] Mit Klick auf “Login mit Facebook” stimmen Sie unseren Allgemeinen
   Geschäftsbedingungen und Datenschutzbestimmungenunter MAC Cosmetics zu.
   Wie wir Ihre Daten verwenden? Mit dem Anklicken der Schaltfläche
   "Weiter mit Facebook" stimmen Sie der Verwendung Ihres Vor- und
   Nachnamens, Geburtstages, Geschlechts, Standortes, Alters und
   Beziehungsstatus zur Erstellung und Verwaltung Ihres Benutzerkontos zu.
   Ihre E-Mail-Adresse aus Ihrem öffentlichen Facebook Profil kann
   gespeichert werden, sollten Sie diese Auswahl getroffen haben. Alle
   weiteren, personenbezogenen Daten die Ihr öffentliches Facebook Profil
   beinhaltet, werden nicht von M∙A∙C gespeichert. Wenn Sie diesen
   Bedingungen nicht zustimmen möchten, nutzen Sie bitte die Option
   "Account anlegen". Sie können Ihre personenbezogenen Daten jederzeit
   einsehen, ändern oder löschen, indem Sie eine E-Mail an
   kundenservice@cs.de.maccosmetics.com senden. Für weitere Informationen
   zum Datenschutz der Estée Lauder Companies GmbH lesen Sie bitte unsere
   Datenschutzerklärung
   [ ] Ja, bitte senden Sie mir Emails mit Informationen, exklusive
   Angeboten, Neuheiten und Experten-Tipps zu.
   Wie wir Ihre Daten verwenden? Mit dem Anklicken der Auswahlbox stimmen
   Sie der Verwendung Ihrer E-Mail-Adresse für die Zusendung des
   Marketing-Newsletters und von Informationen zu M∙A∙C Produkten,
   Veranstaltungen und Angeboten zu. Sie können sich jederzeit durch das
   Anklicken des Abmelde-Links in jedem Newsletter wieder abmelden. Für
   weitere Informationen zum Datenschutz der Estée Lauder Companies GmbH
   lesen Sie bitte unsere Datenschutzerklärung.

     * Mein Profil
     * Profil
     * Bestellungen
     * Gekaufte Produkte
     * Meine Favoriten
     * Abmelden

   NEWSLETTER ABONNIEREN!
   Vielen Dank!

   Ich möchte von M∙A∙C Cosmetics über Produktneuheiten, Dienstleistungen,
   Events und Sonderangebote informiert werden und benachrichtigt werden,
   wenn Produkte online erhältlich sind, noch bevor sie in den Stores
   eintreffen.

   ____________________
   ____________________
   [ ]

   Bitte sehen Sie sich unsere Datenschutzerklärung genau an.

   Ihre E-Mail-Adresse wird nur für die Zusendung des
   Marketing-Newsletters und von Informationen zu MAC Produkten,
   Veranstaltungen und Angeboten verwendet. Sie können sich jederzeit
   durch das Anklicken des Abmelde-Links in jedem Newsletter wieder
   abmelden. Für weitere Informationen zum Datenschutz der Estée Lauder
   Companies GmbH lesen Sie bitte unsere Datenschutzerklärung.
   ABSENDEN

     You are currently signed in as:
   csr signout Session open for :
   Reset customer

     * Lippen /
     * Lippenstift /
     * Retro Matte Liquid Lipcolour

   So Me
   Gräuliche Pflaume
     * ÜBERSICHT
     * DETAILS
     * Farbmuster
     * Farbnamen

   Noch keine Bewertung

Retro Matte Liquid Lipcolour

Die intensive Farbe überrascht mit einem flüssig-seidigen Finish.

   €26.00
   5 ml
   €520.00 / 100ml
   Alle Farben ansehen
   Filtern nach
   (BUTTON) Alles (BUTTON) berry (BUTTON) nude (BUTTON) orange (BUTTON)
   pfirsichfarben (BUTTON) pink (BUTTON) rot (BUTTON) trendfarben (BUTTON)
   wage_etwas_anderes
     * So Me
     * Topped With Brandy
     * Caviar
     * LadyBeGood
     * Uniformly Fabulous
     * Young Attitude
     * Carnivorous
     * Burnt Spice
     * Simply Smoked
     * Dance with Me
     * Fashion Legacy
     * Feels So Grand
     * Fuchsia Flicker
     * High Drama
     * Mango Mango
     * Quite the Standout
     * Rich & Restless

   (BUTTON) (BUTTON)

Vollständige Beschreibung

   Für diejenigen, die zeitlosen Glamour lieben. M∙A∙C gelingt mit den
   neuen Retro Matte Liquid Lipcolours ein völlig neuer, revolutionärer
   matter Lip Look. Welche Farbe Du auch wählst, wir versprechen Dir eins:
   Überraschend intensive Farbe mit einem flüssig-seidigen Finish, die man
   nicht vergessen kann. Für das optimalste Ergebnis sollte die Liquid
   Lipcolour in einer hauchdünnen Schicht aufgetragen und nicht
   geschichtet werden.

Eigenschaften und Produktnutzen

   • Langanhaltend, 8 Stunden
   • Angenehmes Tragegefühl
   • Nicht austrocknend
   • Farbtreu
   • Kein Verlaufen

Anwendung

     * Für eine definierte Form mit der Seite des Applikators auf die
       Lippen auftragen. Mit der Spitze des Applikators den Auftrag
       perfektionieren.
     * Für einen weicheren Look die Kanten mit dem 219 Brush verblenden,
       bevor die Farbe trocknet.
     * Für maximalen Komfort über Prep & Prime Lip auftragen.

Inhaltsstoffe

   Ingredients: Isododecane , Dimethicone , Trimethylsiloxysilicate ,
   Polybutene , Petrolatum , Cyclohexasiloxane , Kaolin , Disteardimonium
   Hectorite , Beeswax\Cera Alba\Cire D'Abeille , Silica Dimethyl Silylate
   , Tocopherol , Persea Gratissima (Avocado) Oil , Cyclopentasiloxane ,
   Glyceryl Behenate/Eicosadioate , Tin Oxide , Propylene Carbonate ,
   Caprylyl Glycol , Hexylene Glycol , Flavor (Aroma) , Phenoxyethanol ,
   [+/- Mica , Titanium Dioxide (Ci 77891) , Iron Oxides (Ci 77491) , Iron
   Oxides (Ci 77492) , Iron Oxides (Ci 77499) , Blue 1 Lake (Ci 42090) ,
   Carmine (Ci 75470) , Red 6 (Ci 15850) , Red 28 (Ci 45410) , Red 30 (Ci
   73360) , Red 7 Lake (Ci 15850) , Red 22 Lake (Ci 45380) , Red 28 Lake
   (Ci 45410) , Red 30 Lake (Ci 73360) , Red 33 Lake (Ci 17200) , Yellow 5
   Lake (Ci 19140) , Yellow 6 Lake (Ci 15985)]

   Bitte beachte, dass die Liste der Inhaltsstoffe von Zeit zu Zeit
   variieren kann. Für eine exakte Angabe, schau Dir bitte die
   Inhaltsstoffe auf der Produktverpackung an.
     * Farbmuster
     * Farbnamen

   Filtern
   (BUTTON) Alles
   Farbe
   (berry) (nude) (orange) (pfirsichfarben) (pink) (rot) (trendfarben)
   (wage_etwas_anderes)
   €26.00
     *
     *
     *
     *
     *
     *
     *
     *
     *
     *
     *
     *
     *
     *
     *
     *
     *

     * Farbmuster
     * Farbnamen

   €26.00
     * So Me
     * Topped With Brandy
     * Caviar
     * LadyBeGood
     * Uniformly Fabulous
     * Young Attitude
     * Carnivorous
     * Burnt Spice
     * Simply Smoked
     * Dance with Me
     * Fashion Legacy
     * Feels So Grand
     * Fuchsia Flicker
     * High Drama
     * Mango Mango
     * Quite the Standout
     * Rich & Restless

   Zu Favoriten hinzufügen
   Zu Favoriten hinzugefügt
   Hinzugefügt zu den Favoriten!
   In den Warenkorb legen
   Zurzeit ausverkauft
   Zurzeit ausverkauft
   Bald erhältlich
   Sorry, dieses Produkt wird nicht mehr angeboten
   Ausverkauft

   Postleitzahl angeben, um den voraussichtlichen Liefertermin für
   lieferbare Produkte zu erfahren
   ____________________
   (BUTTON) Ausführen
   AGB's und Nutzungsbedingungen
   Der voraussichtliche Liefertermin gilt für Produkte, die vorrätig sind
   und kann, abhängig von der Versandart, nicht immer genannt werden. Der
   voraussichtliche Liefertermin gibt lediglich an, wann ein versendeter
   Artikel ungefähr bei Ihnen eintreffen wird. Der Termin kann sich
   ändern. Den voraussichtlichen Versandtermin bei Vorbestellungen
   erfahren Sie auf der Produktseite. Wir geben uns große Mühe, möglichst
   genaue Angaben zum Liefertermin zu machen. Sobald Ihre Sendung das
   Lager verlassen hat, können Sie mit Hilfe der Tracking-Nummer den
   Status Ihrer Bestellung nachverfolgen. Die Tracking-Nummer erhalten Sie
   in der Bestätigungs E-Mail.

Voraussichtlicher Liefertermin

Versandart

   @maccosmeticsdeutschland

SOCIAL SKILLS

   Zeige uns Deine legendären Lieblings-Looks! #MACSTYLE

   Das könnte Dir auch gefallen …

Passt gut zu

   Zurzeit ausverkauft

Pro Longwear Lip Pencil

   €22.50
   1.2 g
   €1875.00 / 100g
   Shop 12 Farben
   Zurzeit ausverkauft
   Zurzeit ausverkauft
   Bald erhältlich
   Sorry, dieses Produkt wird nicht mehr angeboten
   Ausverkauft
   Zurzeit ausverkauft

Pigment

   €24.50
   4.5 g
   €544.44 / 100g
   Shop 33 Farben
   Zurzeit ausverkauft
   Zurzeit ausverkauft
   Bald erhältlich
   Sorry, dieses Produkt wird nicht mehr angeboten
   Ausverkauft
   Zurzeit ausverkauft

Eye Shadow

   €19.50
   1.5 g
   €1300.00 / 100g
   Shop 130 Farben
   Zurzeit ausverkauft
   Zurzeit ausverkauft
   Bald erhältlich
   Sorry, dieses Produkt wird nicht mehr angeboten
   Ausverkauft
   Zurzeit ausverkauft

Haute & Naughty Waterproof Lash Mascara

   €26.00
   6 g
   €433.33 / 100g
   In den Warenkorb legen
   Zurzeit ausverkauft
   Zurzeit ausverkauft
   Bald erhältlich
   Sorry, dieses Produkt wird nicht mehr angeboten
   Ausverkauft
   Produktbewertungen

Eure wahre Meinung

Benötigen sie hilfe?

   Telefon 0800-90 10 200

DEIN M·A·C STORE

     * M·A·C STORE SUCHEN
     * BUCHE DEINEN MAKE-UP SERVICE TERMIN IM STORE
     * ALLE MAKE-UP SERVICES

Kundenservice

     * Kontakt
     * Kundenservice Hotline
     * Häufige fragen
     * Bestellstatus
     * Versandinformationen
     * Widerrufsrecht
     * 6 GUTE GRÜNDE BEI M∙A∙C ONLINE EINZUKAUFEN

Über uns

     * M·A·C Pro Mitgliedschaft
     * M·A·C AIDS Fund
     * Wer wir sind
     * Karriere
     * Tierversuche
     * BACK2MAC

MY M·A·C

     * Kundenprofil
     * Bestellhistorie
     * Favoriten

Connect

     *
     *
     *
     *
     *
     *

LAND WÄHLEN

   Deutschland

   /

     * KUNDENSERVICE
          + KONTAKT
          + HÄUFIGE FRAGEN
          + BESTELLHISTORIE
          + VERSANDINFORMATIONEN
          + WIDERRUFSRECHT
          + 6 GUTE GRÜNDE BEI M∙A∙C ONLINE EINZUKAUFEN
     * ÜBER UNS
          + WER WIR SIND
          + M∙A∙C AIDS FUND
          + M∙A∙C PRO MITGLIEDSCHAFT
          + KARRIERE
          + Tierversuche
          + BACK2MAC
     * M∙A∙C STORE SUCHEN
     * ALLE MAKE-UP SERVICES
     * NEWSLETTER ABONNIEREN
     * Mein profil / Anmelden
     * BUCHE DEINEN MAKE-UP SERVICE TERMIN IM STORE

Connect

     *
     *
     *
     *
     *
     *

     * DATENSCHUTZ
     * AGB
     * FÄLSCHUNGEN
     * NUTZUNGSBEDINGUNGEN
     * IMPRESSUM
     * Cookies der Webseite verwalten
     * © Make-Up Art Cosmetics. Alle weltweiten rechte vorbehalten.

     * DATENSCHUTZ
     * AGB
     * FÄLSCHUNGEN
     * NUTZUNGSBEDINGUNGEN
     * IMPRESSUM
     * Cookies der Webseite verwalten

   © Make-Up Art Cosmetics. Alle weltweiten rechte vorbehalten.
