   #next

   IFRAME: https://www.googletagmanager.com/ns.html?id=GTM-MKBHWZ

   Frais, épicerie et surgelé livrés à domicile !
   ____________________
   Livraison
     * Connexion/Inscription

   0
   0,00€
   ____________________

   Frais, épicerie et surgelé livrés à domicile !

   Connexion/Inscription
     * Promotions
       Promotions
          + Promotions surgelés
          + Promotions produits frais
          + Promotions épicerie
          + Promotions eaux et boissons
          + Promotions hygiène, beauté et bébé
          + Tout afficher
     * Surgelés
       Surgelés
          + Promotions surgelés
          + Glaces et sorbets
            Glaces et sorbets
               o Bio
               o Bâtonnets
               o Cônes et cornets
               o Barres glacées et snacking
               o Bacs crèmes glacées
               o Bacs sorbets
               o Pots de glace
               o Glaces pour enfants
               o Desserts glacés individuels
               o Desserts glacés à partager
               o Sauces, coulis et fruits surgelés
               o Marque Häagen-Dazs
               o Marque Magnum
               o Marque Extrême
               o Marque Carte d'Or
               o Tout afficher
          + Légumes, frites et fruits surgelés
            Légumes, frites et fruits surgelés
               o Bio
               o Légumes natures surgelés
               o Légumes cuisinés surgelés
               o Pommes de terres surgelées
               o Frites surgelées
               o Poêlées de légumes surgelées
               o Mélanges de légumes surgelés
               o Purées surgelées
               o Gratins de légumes surgelés
               o Soupes et potages surgelés
               o Herbes aromatiques
               o Fruits surgelés
               o Tout afficher
          + Viandes et volailles surgelées
            Viandes et volailles surgelées
               o Bio
               o Poulet surgelé
               o Steaks hachés surgelés
               o Boeuf surgelé
               o Porc surgelé
               o Veau surgelé
               o Agneau surgelé
               o Viandes barbecue surgelées
               o Viandes d'exception surgelées
               o Autres volailles surgelées
               o Volailles cuisinées surgelées
               o Canard et foie gras surgelés
               o Gibier surgelé
               o Viandes Casher surgelées
               o Volailles Casher surgelées
               o Viandes Halal surgelées
               o Sauces surgelées viandes et volailles
               o Tout afficher
          + Poissons et fruits de mer surgelés
            Poissons et fruits de mer surgelés
               o Bio
               o Cabillaud surgelé
               o Colin surgelé
               o Saumon surgelé
               o Merlu et lieu surgelés
               o Autres poissons surgelés
               o Crevettes surgelées
               o Coquilles Saint Jacques surgelées
               o Autres fruits de mer surgelés
               o Poissons panés et meunières surgelés
               o Moules surgelées
               o Grenouilles surgelées
               o Poissons sans arrêtes
               o Pêche responsable
               o Sauces pour poissons surgelées
               o Tout afficher
          + Pizzas, quiches et tartes surgelées
            Pizzas, quiches et tartes surgelées
               o Bio
               o Pizzas surgelées
               o Les individuelles
               o Tartes et tourtes surgelées
               o Flammekueches
               o Quiches lorraine surgelées
               o Végétarien
               o Sans gluten
               o Tout afficher
          + Plats cuisinés surgelés
            Plats cuisinés surgelés
               o Plats cuisinés à partager
               o Plats individuels à moins de 3 euros
               o Plats individuels gourmets
               o Cuisine du monde surgelée
               o Pâtes et lasagnes surgelées
               o Spécialités régionales
               o Poêlées cuisinées surgelées
               o Plats pour bébé surgelés Yooji
               o Weight Watchers surgelés
               o Tout afficher
          + Entrées surgelées
            Entrées surgelées
               o Bio
               o Feuilletés et paniers surgelés
               o Tartes et quiches surgelées
               o Snacking surgelé
               o Crêpes et galettes surgelées
               o Coquilles Saint Jacques gratinées
               o Autres coquilles gratinées
               o Quenelles et gnocchis surgelés
               o Salades surgelées
               o Autres spécialités
               o Soupes et potages surgelées
               o Escargots surgelés
               o Saumon fumé surgelé
               o Coquillages farcis surgelés
               o Entrées surgelées au foie gras
               o Cassolettes surgelées
               o Tout afficher
          + Apéritifs surgelés
            Apéritifs surgelés
               o Apéritifs à servir chaud
               o Apéritifs à servir froid
               o Cocktails sucrés surgelés
               o Pains surprises surgelés
               o Verrines surgelées
               o Canapés surgelés
               o Cakes et mini-feuilletés surgelés
               o Apéritifs surgelés côté mer
               o Apéritifs surgelés du monde
               o Autres apéritifs surgelés
               o Tout afficher
          + Pâtisseries surgelées
            Pâtisseries surgelées
               o Bio
               o Desserts pâtissiers et entremets surgelés
               o Pâtisseries individuelles surgelées
               o Tartes et tartelettes surgelées
               o Saveur chocolat
               o Spécialités régionales surgelées
               o Petits fours surgelés
               o Macarons surgelés
               o Sauces et coulis surgelés
               o Beurre surgelé
               o Sans gluten
               o Tout afficher
          + Pains et viennoiseries surgelés
            Pains et viennoiseries surgelés
               o Bio
               o Pains surgelés
               o Viennoiseries surgelées
               o Beignets, gaufres et crêpes surgelés
               o Brioches surgelées
               o Pâtes à tarte et pizza surgelées
               o Sans gluten
               o Tout afficher
     * Glaces et sorbets
       Glaces et sorbets
          + Bio
          + Bâtonnets
          + Cônes et cornets
          + Barres glacées et snacking
          + Bacs crèmes glacées
          + Bacs sorbets
          + Pots de glace
          + Desserts glacés individuels
          + Desserts glacés à partager
          + Glaces pour enfants
          + Sauces, coulis et fruits surgelés
          + Marque Magnum
          + Marque Carte d'Or
          + Marque Häagen-Dazs
          + Marque Extrême
          + Tout afficher
     * Bio by Naturalia
       Bio by Naturalia
          + Promotions bio
          + Fruits et légumes bio
            Fruits et légumes bio
               o Légumes bio
               o Fruits bio
               o Jus de fruits bio
               o Jus de légumes bio
               o Fruits secs bio
               o Tout afficher
          + Produits laitiers et fromages bio
            Produits laitiers et fromages bio
               o Yaourts et fromages blancs bio
               o Fromages bio
               o Beurres, margarines et crèmes bio
               o Crèmes desserts bio
               o Laits bio
               o Yaourts et fromages sans lactose
               o Tout afficher
          + Le frais et les oeufs bio
            Le frais et les oeufs bio
               o Traiteur bio
               o Oeufs bio
               o Charcuterie bio
               o Traiteur de la mer bio
               o Tout afficher
          + Pains et viennoiseries bio
            Pains et viennoiseries bio
               o Pains bio
               o Viennoiseries et brioches bio
               o Pains sans gluten
               o Tout afficher
          + Epicerie salée bio
            Epicerie salée bio
               o Huiles et vinaigres bio
               o Conserves de légumes bio
               o Conserves de poissons bio
               o Sauces et aides à la cuisine bio
               o Plats cuisinés bio
               o Légumes secs et graines bio
               o Riz bio
               o Pâtes bio
               o Semoules, céréales et purées bio
               o Soupes et croûtons bio
               o Apéritifs et chips bio
               o Tartinades de légumes bio
               o Terrines et pâtés bio
               o Sel, poivre et épices bio
               o Moutarde, mayonnaise et ketchup bio
               o Cornichons, olives et câpres bio
               o Sans gluten
               o Tout afficher
          + Epicerie sucrée bio
            Epicerie sucrée bio
               o Céréales bio
               o Biscottes, pains grillés et galettes bio
               o Sucres, farines et levures bio
               o Biscuits, cookies et sablés bio
               o Pâte à tartiner bio
               o Compotes, fruits sirop et flans bio
               o Café et boissons chocolatées bio
               o Chicorées et substituts café bio
               o Thés et infusions bio
               o Confitures bio
               o Miel bio
               o Chocolats bio
               o Cakes, madeleines et crêpes bio
               o Fruits secs bio
               o Sans gluten
               o Tout afficher
          + Surgelés bio
            Surgelés bio
               o Glaces bio
               o Légumes surgelés bio
               o Fruits surgelés bio
               o Viandes surgelées bio
               o Volailles surgelées bio
               o Produits de la mer surgelés bio
               o Pizzas, quiches et tartes surgelés bio
               o Apéritifs et entrées surgelés bio
               o Pâtisseries surgelées bio
               o Pains surgelés bio
               o Surgelé Bébé bio
               o Surgelés bio sans gluten
               o Tout afficher
          + Boissons bio
            Boissons bio
               o Jus de fruits bio
               o Laits bio
               o Boissons végétales bio
               o Eaux
               o Vins et champagnes bio
               o Bières bio
               o Cola et boissons gazeuses bio
               o Sirops bio
               o Jus de légumes bio
               o Jus de fruits frais bio
               o Thé glacé et Kombucha bio
               o Cidres bio
               o Bières sans gluten
               o Tout afficher
          + Maison et animaux bio
            Maison et animaux bio
               o Nettoyants et accessoires ménagers bio
               o Linge bio
               o Vaisselle bio
               o Chats bio
               o Chiens bio
               o Tout afficher
          + Hygiène, beauté et bébé bio
            Hygiène, beauté et bébé bio
               o Alimentation bébé bio
               o Soins visage et corps bio
               o Soins Cheveux bio
               o Compléments alimentaires bio
               o Papier toilette
               o Soins et rasage homme bio
               o Tout afficher
          + Sans gluten et végan bio
            Sans gluten et végan bio
               o Produits sans gluten Bio
               o Produits vegan Bio
               o Tout afficher
     * Epicerie salée
       Epicerie salée
          + Bio
            Bio
               o Huiles et vinaigres bio
               o Conserves de légumes bio
               o Conserves de poissons bio
               o Sauces et aides à la cuisine bio
               o Plats cuisinés bio
               o Légumes secs et graines bio
               o Riz bio
               o Pâtes bio
               o Semoules, céréales et purées bio
               o Soupes et croûtons bio
               o Biscuits apéritif et chips bio
               o Tartinades de légumes bio
               o Terrines et pâtés bio
               o Sels, poivres et épices bio
               o Moutarde, mayonnaise et ketchup bio
               o Cornichons, olives et câpres bio
               o Epicerie salée sans gluten
               o Tout afficher
          + Pâtes, riz et féculents
            Pâtes, riz et féculents
               o Pâtes
               o Riz
               o Sauces pour pâtes et riz
               o Purées et polenta
               o Semoule et céréales
               o Légumes secs
               o Tout afficher
          + Conserves et bocaux
            Conserves et bocaux
               o Conserves de légumes
               o Conserves de poissons
               o Terrines et pâtés
               o Tout afficher
          + Plats cuisinés
          + Apéritifs et chips
            Apéritifs et chips
               o Chips
               o Biscuits apéritifs
               o Cacahuètes, pistaches et mélanges
               o Tout afficher
          + Soupes et croûtons
            Soupes et croûtons
               o Soupes en brique
               o Soupes instantanées
               o Soupes déshydratées
               o Soupes de poisson et bisques
               o Croûtons
               o Tout afficher
          + Assaisonnements et condiments
            Assaisonnements et condiments
               o Huiles
               o Vinaigres
               o Sels, poivres et épices
               o Moutarde, mayonnaise et ketchup
               o Cornichons, olives et câpres
               o Tout afficher
          + Sauces, bouillons et Maïzena
            Sauces, bouillons et Maïzena
               o Bouillons et fonds de sauces
               o Sauces et concentrés
               o Crèmes en briques
               o Maïzena, chapelures et farines
               o Tout afficher
     * Epicerie sucrée
       Epicerie sucrée
          + Bio
            Bio
               o Café et boissons chocolatées bio
               o Chicorées et substituts café bio
               o Thés et infusions bio
               o Biscuits, cookies et sablés bio
               o Cakes, madeleines et crêpes bio
               o Fruits secs bio
               o Chocolats bio
               o Biscottes, pains grillés et galettes bio
               o Viennoiseries et brioches bio
               o Confitures bio
               o Miels bio
               o Pâte à tartiner bio
               o Céréales bio
               o Compotes, fruits sirop et flans bio
               o Sucres, farines et levures bio
               o Epicerie sucrée sans gluten
               o Tout afficher
          + Cafés
            Cafés
               o Cafés moulus
               o Cafés solubles et chicorées
               o Compatibles Nespresso
               o Compatibles Senseo
               o Filtres à café
               o Tout afficher
          + Boissons chocolatées et thés
            Boissons chocolatées et thés
               o Chocolat en poudre
               o Thés
               o Infusions
               o Laits en poudre et concentrés
               o Tout afficher
          + Petit déjeuner
            Petit déjeuner
               o Pain de mie
               o Pains grillés et biscottes
               o Céréales
               o Viennoiseries et brioches
               o Biscuits petit déjeuner
               o Confitures
               o Miels et pâtes à tartiner
               o Fruits secs
               o Tout afficher
          + Biscuits
            Biscuits
               o Galettes et sablés
               o Biscuits au chocolat et cookies
               o Palmiers et gaufrettes
               o Biscuits saveurs fruits
               o Petits beurre et accompagnements
               o Biscuits sans gluten
               o Biscuits diététiques
               o Biscuits petit déjeuner
               o Tout afficher
          + Pâtisseries moelleuses
            Pâtisseries moelleuses
               o Madeleines
               o Cakes, pains d'épice
               o Viennoiseries et brioches
               o Spécialités gourmandes
               o Crêpes, pancakes et gaufres
               o Goûters pour enfants
               o Tout afficher
          + Chocolat
            Chocolat
               o Barres au chocolat
               o Tablettes chocolat noir
               o Tablettes chocolat lait et blanc
               o Chocolat pâtissier
               o Assortiments de chocolats
               o Tout afficher
          + Confiseries
            Confiseries
               o Bonbons
               o Bonbons à sucer
               o Caramels
               o Nougats
               o Tout afficher
          + Compotes et fruits au sirop
            Compotes et fruits au sirop
               o Compotes de fruits
               o Fruits au sirop
               o Tout afficher
          + Sucres et Farines
            Sucres et Farines
               o Sucres et édulcorants
               o Farines
               o Aides pâtissières
               o Sans gluten
               o Tout afficher
          + Produits diététiques
            Produits diététiques
               o Infusions et cafés diététiques
               o Biscuits diététiques
               o Tout afficher
     * Fruits et légumes
       Fruits et légumes
          + Bio
            Bio
               o Légumes bio
               o Fruits bio
               o Jus de fruits bio
               o Jus de légumes bio
               o Fruits secs bio
               o Tout afficher
          + Légumes
            Légumes
               o Pommes de terre
               o Tomates
               o Choux
               o Carottes
               o Oignons, échalotes et ails
               o Salades vertes et en sachet
               o Autres légumes frais
               o Assortiment légumes pour soupes
               o Légumes sous vide
               o Herbes aromatiques
               o Tout afficher
          + Fruits
            Fruits
               o Pommes
               o Poires
               o Bananes
               o Oranges
               o Raisins
               o Citrons
               o Autres fruits
               o Fruits secs
               o Tout afficher
          + Jus de fruits et gazpacho
            Jus de fruits et gazpacho
               o Jus de fruits
               o Gazpacho et jus de légumes
               o Tout afficher
          + Les arrivages de la semaine
     * Produits laitiers et fromages
       Produits laitiers et fromages
          + Bio
            Bio
               o Laits bio
               o Oeufs bio
               o Beurres, margarines et crèmes bio
               o Les fromages bio
               o Les yaourts bio
               o Sans lactose
               o Tout afficher
          + Laits
            Laits
               o Laits demi-écrémés
               o Laits écrémés
               o Laits entiers
               o Laits de chèvre
               o Laits en poudre et concentré
               o Tout afficher
          + Beurres et crèmes
            Beurres et crèmes
               o Beurres et margarines
               o Crèmes
               o Tout afficher
          + Fromages
            Fromages
               o Fromage râpé
               o Fromage de chèvre
               o Fromage de brebis
               o Comté, emmental et cantal
               o Camembert
               o Brie et coulommiers
               o Roquefort et bleu
               o Mozzarella
               o Les spécialités de fromage
               o Fromages à la découpe
               o Fromages à tartiner
               o Apéritif, salade et snacking
               o A cuisiner ou manger chaud
               o Fromages pour enfants
               o Fromages allégés
               o Tout afficher
          + Yaourts
            Yaourts
               o Yaourts fruits et sur lit de fruits
               o Fromage blanc et faisselles
               o Yaourts enfants
               o Yaourts natures
               o Tout afficher
          + Desserts
            Desserts
               o Crèmes desserts, mousses et liégeois
               o Compotes et coupes de fruits
               o Riz au lait et crèmes aux oeufs
               o Desserts pâtissiers
               o Tout afficher
          + Producteurs régionaux
     * Le frais et les oeufs
       Le frais et les oeufs
          + Bio
            Bio
               o Oeufs bio
               o Charcuterie bio
               o Rayons frais bio
               o Traiteur de la mer bio
               o Pains et viennoiseries bio
               o Tout afficher
          + Oeufs
          + Charcuteries
            Charcuteries
               o Jambon blanc
               o Jambon de volaille
               o Charcuterie tranchée
               o Saucissons entiers
               o Chorizo
               o Pâtés, terrines et rillettes
               o Saucisses, boudins et andouillettes
               o Lardons, dés et poitrine
               o Viandes cuites et pieds de porcs
               o Nos producteurs régionaux
               o Charcuterie sel réduit
               o Charcuterie sans nitrites
               o Charcuterie Halal
               o Tout afficher
          + Traiteur
            Traiteur
               o Salades composées barquette
               o Entrées et apéritifs
               o Plats cuisinés individuels
               o Plats cuisinés à partager
               o Pâtes fraîches, quenelles et gnocchis
               o Sandwich, burger et snack
               o Pizzas, tartes et quiches
               o Feuilletés et crêpes
               o Pâtes à tarte, pizza et brick
               o Tout afficher
          + Traiteur de la mer
            Traiteur de la mer
               o Poissons fumés et salés
               o Poissons panés
               o Crevettes
               o Moules
               o Surimi
               o Soupes de poisson
               o Plats cuisinés de la mer
               o A tartiner
               o Tout afficher
          + Pains et pâtisseries
            Pains et pâtisseries
               o Pains
               o Pains de mie
               o Pâtisseries fraîches
               o Viennoiseries
               o Brioches
               o Sans gluten
               o Tout afficher
     * Viandes et volailles
       Viandes et volailles
          + Viandes et volailles surgelées
            Viandes et volailles surgelées
               o Bio
               o Poulet surgelé
               o Autres volailles surgelées
               o Volailles cuisinées surgelées
               o Volailles Casher surgelées
               o Steaks hachés surgelés
               o Boeuf surgelé
               o Veau surgelé
               o Porc surgelé
               o Agneau surgelé
               o Canard et foie gras surgelés
               o Gibier surgelé
               o Viandes d'exception surgelées
               o Viandes barbecue surgelées
               o Viandes Casher surgelées
               o Viandes Halal surgelées
               o Sauces surgelées viandes et volailles
               o Tout afficher
          + Viandes
            Viandes
               o Boeuf
               o Porc
               o Saucisses et merguez
               o Veau
               o Agneau et mouton
               o Lapin
               o Viandes cuisinées et marinées
               o Viande origine France
               o Viande Label Rouge
               o Tout afficher
          + Volailles
            Volailles
               o Poulet
               o Dinde
               o Canard
               o Autres volailles
               o Foie et gésiers
               o Panés et nuggets
               o Volaille origine France
               o Volaille Label Rouge
               o Tout afficher
     * Eaux et boissons
       Eaux et boissons
          + Bio
            Bio
               o Laits bio
               o Jus de fruit bio
               o Jus de légumes bio
               o Colas et boissons gazeuses bio
               o Boissons aromatisées et sirops bio
               o Thé glacé et Kombucha bio
               o Sirops bio
               o Vins bio
               o Champagnes et effervescents bio
               o Tout afficher
          + Eaux
            Eaux
               o Eaux plates
               o Eaux gazeuses
               o Eaux aromatisées
               o Petit format
               o Eaux pour bébé
               o Tout afficher
          + Laits
            Laits
               o Laits demi-écrémés
               o Laits écrémés
               o Laits entiers
               o Laits de chèvre
               o Laits en poudre et concentré
               o Tout afficher
          + Jus de fruits et légumes
            Jus de fruits et légumes
               o Jus d'orange
               o Jus de pomme
               o Jus multifruits
               o Tous les jus de fruits
               o Jus de fruits frais
               o Jus de légumes
               o Boissons enfants et à emporter
               o Tout afficher
          + Colas et boissons gazeuses
            Colas et boissons gazeuses
               o Colas
               o Colas light
               o Sodas
               o Sodas light
               o Limonades
               o Tout afficher
          + Boissons aromatisées et Sirops
            Boissons aromatisées et Sirops
               o Ice tea
               o Oasis
               o Jus de cranberry
               o Grenadine et fruits rouges
               o Sirop d'agrumes
               o Autres sirops
               o Tout afficher
          + Bières et cidres
            Bières et cidres
               o Bières
               o Bières sans alcool et panachés
               o Cidres
               o Tout afficher
          + Vins
            Vins
               o Vins rouges
               o Vins blancs
               o Vins rosés
               o Bib et cubi
               o Accessoires à vin
               o Tout afficher
          + Champagnes et effervescents
            Champagnes et effervescents
               o Champagnes
               o Effervescents
               o Tout afficher
          + Alcools
            Alcools
               o Whisky
               o Rhum, gin et vodka
               o Autres spiritueux et apéritifs
               o Apéritifs sans alcool
               o Tout afficher
     * Maison et animaux
       Maison et animaux
          + Bio
            Bio
               o Nettoyant linge écologique
               o Nettoyants vaisselle écologique
               o Nettoyants ménagers écologiques
               o Accessoires ménagers écologiques
               o Chats bio
               o Chiens bio
               o Tout afficher
          + Entretien linge
            Entretien linge
               o Lessive
               o Assouplissant
               o Autre entretien linge
               o Tout afficher
          + Entretien vaisselle
            Entretien vaisselle
               o Lavage lave-vaisselle
               o Liquide vaisselle
               o Entretien lave-vaisselle
               o Tout afficher
          + Entretien maison
            Entretien maison
               o Nettoyants
               o Eaux de javel
               o WC et déboucheurs
               o Tout afficher
          + Accessoires ménagers
            Accessoires ménagers
               o Eponges
               o Essuie tout
               o Sacs poubelles
               o Emballages
               o Tout afficher
          + Désodorisants et insecticides
            Désodorisants et insecticides
               o Désodorisants
               o Insecticides
               o Tout afficher
          + Droguerie
          + Animaux
            Animaux
               o Nourriture chat
               o Litières chat
               o Nourriture chien
               o Autres animaux
               o Tout afficher
     * Hygiène, beauté et bébé
       Hygiène, beauté et bébé
          + Bio
            Bio
               o Hygiène et beauté bio
               o Bébé bio
               o Tout afficher
          + Hygiène et beauté
            Hygiène et beauté
               o Papier toilette
               o Mouchoirs et cotons
               o Parapharmacie
               o Soins du visage et du corps
               o Soins des cheveux
               o Hygiène dentaire
               o Savons et savons liquides
               o Hygiène féminine
               o Soins des hommes
               o Tout afficher
          + Bébé
            Bébé
               o Laits et eaux
               o Alimentation bébé
               o Couches, lingettes et cotons
               o Tout afficher
          + Compléments alimentaires
     * Préférences alimentaires
       Préférences alimentaires
          + Produits sans gluten
            Produits sans gluten
               o Épicerie sans gluten
               o Produits surgelés sans gluten
               o Produits frais sans gluten
               o Produits Schär
               o Produits Amy's Kitchen
               o Produits Genius
               o Tout afficher
          + Produits végétariens
          + Produits sans lactose
          + Produits Halal
          + Produits Casher
          + Plats Weight Watchers
          + Nutrisens plats mixés
          + Laurent Mariotte
          + Box alimentaire
          + Produits sans sel
          + Produits du terroir français
            Produits du terroir français
               o Spécialités du Sud Ouest
               o Produits alsaciens
               o Spécialités Rhône-Alpes
               o Autres spécialités régionales
               o Tout afficher
               o La famille du mois
          + Sans colorants, sans arôme artificiel
     * Avantages Carte T
     * Les services Toupargel
       Nous contacter Les questions fréquentes Nos guides Nos recettes
       L’application mobile
     *

   Promotions Promotions
   Promotions
   Promotions surgelés
   Promotions produits frais
   Promotions épicerie
   Promotions eaux et boissons
   Promotions hygiène, beauté et bébé
   Tout afficher
   Surgelés Surgelés
   Surgelés
   Promotions surgelés
   Glaces et sorbets
   Bio Bâtonnets Cônes et cornets Barres glacées et snacking
   Bacs crèmes glacées Bacs sorbets Pots de glace Glaces pour enfants
   Desserts glacés individuels Desserts glacés à partager Sauces, coulis
   et fruits surgelés Marque Häagen-Dazs
   Marque Magnum Marque Extrême Marque Carte d'Or Tout afficher
   Légumes, frites et fruits surgelés
   Bio Légumes natures surgelés Légumes cuisinés surgelés Pommes de terres
   surgelées
   Frites surgelées Poêlées de légumes surgelées Mélanges de légumes
   surgelés Purées surgelées
   Gratins de légumes surgelés Soupes et potages surgelés Herbes
   aromatiques Fruits surgelés
   Tout afficher
   Viandes et volailles surgelées
   Bio Poulet surgelé Steaks hachés surgelés Boeuf surgelé
   Porc surgelé Veau surgelé Agneau surgelé Viandes barbecue surgelées
   Viandes d'exception surgelées Autres volailles surgelées Volailles
   cuisinées surgelées Canard et foie gras surgelés
   Gibier surgelé Viandes Casher surgelées Volailles Casher surgelées
   Viandes Halal surgelées
   Sauces surgelées viandes et volailles Tout afficher
   Poissons et fruits de mer surgelés
   Bio Cabillaud surgelé Colin surgelé Saumon surgelé
   Merlu et lieu surgelés Autres poissons surgelés Crevettes surgelées
   Coquilles Saint Jacques surgelées
   Autres fruits de mer surgelés Poissons panés et meunières surgelés
   Moules surgelées Grenouilles surgelées
   Poissons sans arrêtes Pêche responsable Sauces pour poissons surgelées
   Tout afficher
   Pizzas, quiches et tartes surgelées
   Bio Pizzas surgelées Les individuelles Tartes et tourtes surgelées
   Flammekueches Quiches lorraine surgelées Végétarien Sans gluten
   Tout afficher
   Plats cuisinés surgelés
   Plats cuisinés à partager Plats individuels à moins de 3 euros Plats
   individuels gourmets Cuisine du monde surgelée
   Pâtes et lasagnes surgelées Spécialités régionales Poêlées cuisinées
   surgelées Plats pour bébé surgelés Yooji
   Weight Watchers surgelés Tout afficher
   Entrées surgelées
   Bio Feuilletés et paniers surgelés Tartes et quiches surgelées Snacking
   surgelé
   Crêpes et galettes surgelées Coquilles Saint Jacques gratinées Autres
   coquilles gratinées Quenelles et gnocchis surgelés
   Salades surgelées Autres spécialités Soupes et potages surgelées
   Escargots surgelés
   Saumon fumé surgelé Coquillages farcis surgelés Entrées surgelées au
   foie gras Cassolettes surgelées
   Tout afficher
   Apéritifs surgelés
   Apéritifs à servir chaud Apéritifs à servir froid Cocktails sucrés
   surgelés Pains surprises surgelés
   Verrines surgelées Canapés surgelés Cakes et mini-feuilletés surgelés
   Apéritifs surgelés côté mer
   Apéritifs surgelés du monde Autres apéritifs surgelés Tout afficher
   Pâtisseries surgelées
   Bio Desserts pâtissiers et entremets surgelés Pâtisseries individuelles
   surgelées Tartes et tartelettes surgelées
   Saveur chocolat Spécialités régionales surgelées Petits fours surgelés
   Macarons surgelés
   Sauces et coulis surgelés Beurre surgelé Sans gluten Tout afficher
   Pains et viennoiseries surgelés
   Bio Pains surgelés Viennoiseries surgelées Beignets, gaufres et crêpes
   surgelés
   Brioches surgelées Pâtes à tarte et pizza surgelées Sans gluten Tout
   afficher
   Glaces et sorbets Glaces et sorbets
   Glaces et sorbets
   Bio
   Bâtonnets
   Cônes et cornets
   Barres glacées et snacking
   Bacs crèmes glacées
   Bacs sorbets
   Pots de glace
   Desserts glacés individuels
   Desserts glacés à partager
   Glaces pour enfants
   Sauces, coulis et fruits surgelés
   Marque Magnum
   Marque Carte d'Or
   Marque Häagen-Dazs
   Marque Extrême
   Tout afficher
   Bio by Naturalia Bio by Naturalia
   Bio by Naturalia
   Promotions bio
   Fruits et légumes bio
   Légumes bio Fruits bio Jus de fruits bio Jus de légumes bio
   Fruits secs bio Tout afficher
   Produits laitiers et fromages bio
   Yaourts et fromages blancs bio Fromages bio Beurres, margarines et
   crèmes bio Crèmes desserts bio
   Laits bio Yaourts et fromages sans lactose Tout afficher
   Le frais et les oeufs bio
   Traiteur bio Oeufs bio Charcuterie bio Traiteur de la mer bio
   Tout afficher
   Pains et viennoiseries bio
   Pains bio Viennoiseries et brioches bio Pains sans gluten Tout afficher
   Epicerie salée bio
   Huiles et vinaigres bio Conserves de légumes bio Conserves de poissons
   bio Sauces et aides à la cuisine bio
   Plats cuisinés bio Légumes secs et graines bio Riz bio Pâtes bio
   Semoules, céréales et purées bio Soupes et croûtons bio Apéritifs et
   chips bio Tartinades de légumes bio
   Terrines et pâtés bio Sel, poivre et épices bio Moutarde, mayonnaise et
   ketchup bio Cornichons, olives et câpres bio
   Sans gluten Tout afficher
   Epicerie sucrée bio
   Céréales bio Biscottes, pains grillés et galettes bio Sucres, farines
   et levures bio Biscuits, cookies et sablés bio
   Pâte à tartiner bio Compotes, fruits sirop et flans bio Café et
   boissons chocolatées bio Chicorées et substituts café bio
   Thés et infusions bio Confitures bio Miel bio Chocolats bio
   Cakes, madeleines et crêpes bio Fruits secs bio Sans gluten Tout
   afficher
   Surgelés bio
   Glaces bio Légumes surgelés bio Fruits surgelés bio Viandes surgelées
   bio
   Volailles surgelées bio Produits de la mer surgelés bio Pizzas, quiches
   et tartes surgelés bio Apéritifs et entrées surgelés bio
   Pâtisseries surgelées bio Pains surgelés bio Surgelé Bébé bio Surgelés
   bio sans gluten
   Tout afficher
   Boissons bio
   Jus de fruits bio Laits bio Boissons végétales bio Eaux
   Vins et champagnes bio Bières bio Cola et boissons gazeuses bio Sirops
   bio
   Jus de légumes bio Jus de fruits frais bio Thé glacé et Kombucha bio
   Cidres bio
   Bières sans gluten Tout afficher
   Maison et animaux bio
   Nettoyants et accessoires ménagers bio Linge bio Vaisselle bio Chats
   bio
   Chiens bio Tout afficher
   Hygiène, beauté et bébé bio
   Alimentation bébé bio Soins visage et corps bio Soins Cheveux bio
   Compléments alimentaires bio
   Papier toilette Soins et rasage homme bio Tout afficher
   Sans gluten et végan bio
   Produits sans gluten Bio Produits vegan Bio Tout afficher
   Epicerie salée Epicerie salée
   Epicerie salée
   Bio
   Huiles et vinaigres bio Conserves de légumes bio Conserves de poissons
   bio Sauces et aides à la cuisine bio
   Plats cuisinés bio Légumes secs et graines bio Riz bio Pâtes bio
   Semoules, céréales et purées bio Soupes et croûtons bio Biscuits
   apéritif et chips bio Tartinades de légumes bio
   Terrines et pâtés bio Sels, poivres et épices bio Moutarde, mayonnaise
   et ketchup bio Cornichons, olives et câpres bio
   Epicerie salée sans gluten Tout afficher
   Pâtes, riz et féculents
   Pâtes Riz Sauces pour pâtes et riz Purées et polenta
   Semoule et céréales Légumes secs Tout afficher
   Conserves et bocaux
   Conserves de légumes Conserves de poissons Terrines et pâtés Tout
   afficher
   Plats cuisinés
   Apéritifs et chips
   Chips Biscuits apéritifs Cacahuètes, pistaches et mélanges Tout
   afficher
   Soupes et croûtons
   Soupes en brique Soupes instantanées Soupes déshydratées Soupes de
   poisson et bisques
   Croûtons Tout afficher
   Assaisonnements et condiments
   Huiles Vinaigres Sels, poivres et épices Moutarde, mayonnaise et
   ketchup
   Cornichons, olives et câpres Tout afficher
   Sauces, bouillons et Maïzena
   Bouillons et fonds de sauces Sauces et concentrés Crèmes en briques
   Maïzena, chapelures et farines
   Tout afficher
   Epicerie sucrée Epicerie sucrée
   Epicerie sucrée
   Bio
   Café et boissons chocolatées bio Chicorées et substituts café bio Thés
   et infusions bio Biscuits, cookies et sablés bio
   Cakes, madeleines et crêpes bio Fruits secs bio Chocolats bio
   Biscottes, pains grillés et galettes bio
   Viennoiseries et brioches bio Confitures bio Miels bio Pâte à tartiner
   bio
   Céréales bio Compotes, fruits sirop et flans bio Sucres, farines et
   levures bio Epicerie sucrée sans gluten
   Tout afficher
   Cafés
   Cafés moulus Cafés solubles et chicorées Compatibles Nespresso
   Compatibles Senseo
   Filtres à café Tout afficher
   Boissons chocolatées et thés
   Chocolat en poudre Thés Infusions Laits en poudre et concentrés
   Tout afficher
   Petit déjeuner
   Pain de mie Pains grillés et biscottes Céréales Viennoiseries et
   brioches
   Biscuits petit déjeuner Confitures Miels et pâtes à tartiner Fruits
   secs
   Tout afficher
   Biscuits
   Galettes et sablés Biscuits au chocolat et cookies Palmiers et
   gaufrettes Biscuits saveurs fruits
   Petits beurre et accompagnements Biscuits sans gluten Biscuits
   diététiques Biscuits petit déjeuner
   Tout afficher
   Pâtisseries moelleuses
   Madeleines Cakes, pains d'épice Viennoiseries et brioches Spécialités
   gourmandes
   Crêpes, pancakes et gaufres Goûters pour enfants Tout afficher
   Chocolat
   Barres au chocolat Tablettes chocolat noir Tablettes chocolat lait et
   blanc Chocolat pâtissier
   Assortiments de chocolats Tout afficher
   Confiseries
   Bonbons Bonbons à sucer Caramels Nougats
   Tout afficher
   Compotes et fruits au sirop
   Compotes de fruits Fruits au sirop Tout afficher
   Sucres et Farines
   Sucres et édulcorants Farines Aides pâtissières Sans gluten
   Tout afficher
   Produits diététiques
   Infusions et cafés diététiques Biscuits diététiques Tout afficher
   Fruits et légumes Fruits et légumes
   Fruits et légumes
   Bio
   Légumes bio Fruits bio Jus de fruits bio Jus de légumes bio
   Fruits secs bio Tout afficher
   Légumes
   Pommes de terre Tomates Choux Carottes
   Oignons, échalotes et ails Salades vertes et en sachet Autres légumes
   frais Assortiment légumes pour soupes
   Légumes sous vide Herbes aromatiques Tout afficher
   Fruits
   Pommes Poires Bananes Oranges
   Raisins Citrons Autres fruits Fruits secs
   Tout afficher
   Jus de fruits et gazpacho
   Jus de fruits Gazpacho et jus de légumes Tout afficher
   Les arrivages de la semaine
   Produits laitiers et fromages Produits laitiers et fromages
   Produits laitiers et fromages
   Bio
   Laits bio Oeufs bio Beurres, margarines et crèmes bio Les fromages bio
   Les yaourts bio Sans lactose Tout afficher
   Laits
   Laits demi-écrémés Laits écrémés Laits entiers Laits de chèvre
   Laits en poudre et concentré Tout afficher
   Beurres et crèmes
   Beurres et margarines Crèmes Tout afficher
   Fromages
   Fromage râpé Fromage de chèvre Fromage de brebis Comté, emmental et
   cantal
   Camembert Brie et coulommiers Roquefort et bleu Mozzarella
   Les spécialités de fromage Fromages à la découpe Fromages à tartiner
   Apéritif, salade et snacking
   A cuisiner ou manger chaud Fromages pour enfants Fromages allégés Tout
   afficher
   Yaourts
   Yaourts fruits et sur lit de fruits Fromage blanc et faisselles Yaourts
   enfants Yaourts natures
   Tout afficher
   Desserts
   Crèmes desserts, mousses et liégeois Compotes et coupes de fruits Riz
   au lait et crèmes aux oeufs Desserts pâtissiers
   Tout afficher
   Producteurs régionaux
   Le frais et les oeufs Le frais et les oeufs
   Le frais et les oeufs
   Bio
   Oeufs bio Charcuterie bio Rayons frais bio Traiteur de la mer bio
   Pains et viennoiseries bio Tout afficher
   Oeufs
   Charcuteries
   Jambon blanc Jambon de volaille Charcuterie tranchée Saucissons entiers
   Chorizo Pâtés, terrines et rillettes Saucisses, boudins et
   andouillettes Lardons, dés et poitrine
   Viandes cuites et pieds de porcs Nos producteurs régionaux Charcuterie
   sel réduit Charcuterie sans nitrites
   Charcuterie Halal Tout afficher
   Traiteur
   Salades composées barquette Entrées et apéritifs Plats cuisinés
   individuels Plats cuisinés à partager
   Pâtes fraîches, quenelles et gnocchis Sandwich, burger et snack Pizzas,
   tartes et quiches Feuilletés et crêpes
   Pâtes à tarte, pizza et brick Tout afficher
   Traiteur de la mer
   Poissons fumés et salés Poissons panés Crevettes Moules
   Surimi Soupes de poisson Plats cuisinés de la mer A tartiner
   Tout afficher
   Pains et pâtisseries
   Pains Pains de mie Pâtisseries fraîches Viennoiseries
   Brioches Sans gluten Tout afficher
   Viandes et volailles Viandes et volailles
   Viandes et volailles
   Viandes et volailles surgelées
   Bio Poulet surgelé Autres volailles surgelées Volailles cuisinées
   surgelées
   Volailles Casher surgelées Steaks hachés surgelés Boeuf surgelé Veau
   surgelé
   Porc surgelé Agneau surgelé Canard et foie gras surgelés Gibier surgelé
   Viandes d'exception surgelées Viandes barbecue surgelées Viandes Casher
   surgelées Viandes Halal surgelées
   Sauces surgelées viandes et volailles Tout afficher
   Viandes
   Boeuf Porc Saucisses et merguez Veau
   Agneau et mouton Lapin Viandes cuisinées et marinées Viande origine
   France
   Viande Label Rouge Tout afficher
   Volailles
   Poulet Dinde Canard Autres volailles
   Foie et gésiers Panés et nuggets Volaille origine France Volaille Label
   Rouge
   Tout afficher
   Eaux et boissons Eaux et boissons
   Eaux et boissons
   Bio
   Laits bio Jus de fruit bio Jus de légumes bio Colas et boissons
   gazeuses bio
   Boissons aromatisées et sirops bio Thé glacé et Kombucha bio Sirops bio
   Vins bio
   Champagnes et effervescents bio Tout afficher
   Eaux
   Eaux plates Eaux gazeuses Eaux aromatisées Petit format
   Eaux pour bébé Tout afficher
   Laits
   Laits demi-écrémés Laits écrémés Laits entiers Laits de chèvre
   Laits en poudre et concentré Tout afficher
   Jus de fruits et légumes
   Jus d'orange Jus de pomme Jus multifruits Tous les jus de fruits
   Jus de fruits frais Jus de légumes Boissons enfants et à emporter Tout
   afficher
   Colas et boissons gazeuses
   Colas Colas light Sodas Sodas light
   Limonades Tout afficher
   Boissons aromatisées et Sirops
   Ice tea Oasis Jus de cranberry Grenadine et fruits rouges
   Sirop d'agrumes Autres sirops Tout afficher
   Bières et cidres
   Bières Bières sans alcool et panachés Cidres Tout afficher
   Vins
   Vins rouges Vins blancs Vins rosés Bib et cubi
   Accessoires à vin Tout afficher
   Champagnes et effervescents
   Champagnes Effervescents Tout afficher
   Alcools
   Whisky Rhum, gin et vodka Autres spiritueux et apéritifs Apéritifs sans
   alcool
   Tout afficher
   Maison et animaux Maison et animaux
   Maison et animaux
   Bio
   Nettoyant linge écologique Nettoyants vaisselle écologique Nettoyants
   ménagers écologiques Accessoires ménagers écologiques
   Chats bio Chiens bio Tout afficher
   Entretien linge
   Lessive Assouplissant Autre entretien linge Tout afficher
   Entretien vaisselle
   Lavage lave-vaisselle Liquide vaisselle Entretien lave-vaisselle Tout
   afficher
   Entretien maison
   Nettoyants Eaux de javel WC et déboucheurs Tout afficher
   Accessoires ménagers
   Eponges Essuie tout Sacs poubelles Emballages
   Tout afficher
   Désodorisants et insecticides
   Désodorisants Insecticides Tout afficher
   Droguerie
   Animaux
   Nourriture chat Litières chat Nourriture chien Autres animaux
   Tout afficher
   Hygiène, beauté et bébé Hygiène, beauté et bébé
   Hygiène, beauté et bébé
   Bio
   Hygiène et beauté bio Bébé bio Tout afficher
   Hygiène et beauté
   Papier toilette Mouchoirs et cotons Parapharmacie Soins du visage et du
   corps
   Soins des cheveux Hygiène dentaire Savons et savons liquides Hygiène
   féminine
   Soins des hommes Tout afficher
   Bébé
   Laits et eaux Alimentation bébé Couches, lingettes et cotons Tout
   afficher
   Compléments alimentaires
   Préférences alimentaires Préférences alimentaires
   Préférences alimentaires
   Produits sans gluten
   Épicerie sans gluten Produits surgelés sans gluten Produits frais sans
   gluten Produits Schär
   Produits Amy's Kitchen Produits Genius Tout afficher
   Produits végétariens
   Produits sans lactose
   Produits Halal
   Produits Casher
   Plats Weight Watchers
   Nutrisens plats mixés
   Laurent Mariotte
   Box alimentaire
   Produits sans sel
   Produits du terroir français
   Spécialités du Sud Ouest Produits alsaciens Spécialités Rhône-Alpes
   Autres spécialités régionales
   Tout afficher La famille du mois
   Sans colorants, sans arôme artificiel
   Avantages Carte T Avantages Carte T
   Avantages Carte T

   RETOUR
   ____________________
   fermer
   0
   0,00€

    1. Accueil >

     Maison et animaux >

     Entretien maison >

     Tout afficher (41)

Entretien maison

   Nettoyants Eaux de javel WC et déboucheurs Tout afficher
   Filtrer
   Trier

   Nettoyants Eaux de javel WC et déboucheurs Tout afficher
   Filtrer
   Marque
   [ ] Casino (8)
   [ ] Ajax (4)
   [ ] St Marc (4)
   [ ] Destop (3)
   [ ] Carolin (2)
   [ ] Harpic (2)
   [ ] La Croix (2)
   [ ] Swiffer (2)
   [ ] Antikal (1)
   [ ] Canard WC (1)
   [ ] Casino Tous les jours (1)
   [ ] Cif (1)
   [ ] Eparcyl (1)
   [ ] Henkel (1)
   [ ] La Baleine (1)
   [ ] Mr Propre (1)
   [ ] O'Cedar (1)
   [ ] Sanytol (1)
   [ ] Vitroclen (1)
   [ ] Autre marque (3)
   (BUTTON) Voir plus
   Vinaigre d'alcool cristal Tous les jours - 1,5 l Vinaigre d'alcool
   cristal Tous les jours - 1,5 l
   Vinaigre d'alcool cristal Casino
   la bouteille de 1,5 l
   0,99 €
   0,66€/Litre
   +
   0___________________
   2 blocs WC javel Casino 2 blocs WC javel Casino
   Blocs WC javel Casino
   le paquet de 2
   1,79 €
   +
   0___________________
   Gel WC avec javel Casino - 750 ml Gel WC avec javel Casino - 750 ml
   Gel WC avec javel Casino
   le flacon de 750 ml
   1,39 €
   1,85€/Litre
   +
   0___________________
   Eau de javel Casino - 2 l Eau de javel Casino - 2 l
   Eau de javel Casino
   le bidon de 2 l
   1,55 €
   0,78€/Litre
   +
   0___________________
   Pour la fin des vacances un produit volaille offert ! Code COTCOT Pour
   la fin des vacances un produit volaille offert ! Code COTCOT
   Eau de javel La Croix - 1,5 l Eau de javel La Croix - 1,5 l
   Bidon d'eau de javel La Croix
   le bidon de 1,5 l
   1,65 €
   1,10€/Litre
   +
   0___________________
   Eau de Javel La Croix - 3 x 250 ml Eau de Javel La Croix - 3 x 250 ml
   Eau de Javel La Croix
   les recharges de 3 x 250 ml
   1,89 €
   2,04€/Litre
   +
   0___________________
   Javel en pastilles Casino - 160 g Javel en pastilles Casino - 160 g
   Javel en pastilles Casino
   le flacon de 160 g
   2,55 €
   15,94€/Kilo
   +
   0___________________
   Spray cuisine et salle de bain avec javel St Marc - 500 ml Spray
   cuisine et salle de bain avec javel St Marc - 500 ml
   Spray cuisine et salle de bain avec javel St Marc
   le spray de 500 ml
   2,59 €
   5,18€/Litre
   +
   0___________________
   Bicarbonate alimentaire La Baleine - 800 g Bicarbonate alimentaire La
   Baleine - 800 g
   Bicarbonate alimentaire La Baleine
   la boîte de 800 g
   3,75 €
   4,69€/Kilo
   +
   0___________________
   Déboucheur canalisation Destop Gel - 750 ml Déboucheur canalisation
   Destop Gel - 750 ml
   Déboucheur canalisation gel Destop
   le flacon de 750 ml
   5,85 €
   7,80€/Litre
   +
   0___________________
   Déboucheur canalisation DesTop gel express - 1 l Déboucheur
   canalisation DesTop gel express - 1 l
   Déboucheur canalisation gel Express Destop
   le flacon de 1 l
   3,99 €
   3,99€/Litre
   +
   0___________________
   Déboucheur canalisation DesTop liquide surpuissant - 1 l Déboucheur
   canalisation DesTop liquide surpuissant - 1 l
   Déboucheur canalisation liquide surpuissant DESTOP
   le flacon de 1 l
   3,79 €
   3,79€/Litre
   +
   0___________________
   20 lingettes attrape-poussière Swiffer 20 lingettes attrape-poussière
   Swiffer
   Lingettes attrape-poussière Swiffer
   le paquet de 20
   6,29 €
   +
   0___________________
   Dépoussiérant tous types de bois O'Cedar - 300 ml Dépoussiérant tous
   types de bois O'Cedar - 300 ml
   Dépoussiérant tous types de bois O'Cedar
   l'aérosol de 300 ml
   3,29 €
   10,97€/Litre
   +
   0___________________
   Nettoyant vitrocéramique et induction Vitroclen - 250 ml Nettoyant
   vitrocéramique et induction Vitroclen - 250 ml
   Nettoyant vitrocéramique et induction Vitroclen
   le pistolet de 250 ml
   4,99 €
   19,96€/Litre
   +
   0___________________
   Anti-calcaire Antikal Fresh - 500 ml Anti-calcaire Antikal Fresh -
   500 ml
   Anti-calcaire Fresh Antikal
   le flacon de 500 ml
   3,75 €
   7,50€/Litre
   +
   0___________________
   Poudre à récurer Ajax - 750 g Poudre à récurer Ajax - 750 g
   Poudre à récurer Ajax
   le flacon de 750 g
   2,35 €
   3,13€/Kilo
   +
   0___________________
   Nettoyant multi-surfaces Cif - 750 ml Nettoyant multi-surfaces Cif -
   750 ml
   Nettoyant multi-surfaces Cif
   le flacon de 750 ml
   3,85 €
   5,13€/Litre
   +
   0___________________
   Gel javel WC Harpic - 750 ml Gel javel WC Harpic - 750 ml
   Gel javel WC Harpic
   le flacon de 750 ml
   1,99 €
   2,65€/Litre
   +
   0___________________
   Trier
   Meilleure vente Prix croissant Prix / kilo croissant
   Meilleure vente Prix croissant Prix / kilo croissant

   Vous souhaitez acheter des produits ménagers en ligne ? Toupargel est
   LA solution dont vous avez besoin ! Sur notre site, nous vous offrons
   un large choix de produits d'entretien pour la maison. Nous vous
   proposons notamment de nombreux nettoyants ménagers, tels que de l'eau
   de Javel, des lingettes multi-usages, des liquides WC, des nettoyants
   multi-surfaces, du bicarbonate alimentaire mais aussi du gel WC. Pour
   être parfaitement équipé(e), n’hésitez pas non plus à commander du
   déboucheur liquide, des serpillières, du nettoyant pour vitre, du spray
   avec Javel ou même de la cire. Pour faire la poussière, nettoyer les
   murs, dégraisser ou encore récurer les sols et les équipements, nos
   produits ménagers en ligne vous simplifieront le travail. Sur
   Toupargel, vous pouvez également commander les nettoyants ménagers
   parmi vos marques préférées, comme Ajax, Cillit Bang, Harpic ou
   Swiffer. La livraison étant gratuite partout en France (hors DOM/TOM et
   Corse) à partir de 25€ d’achat, vous avez toutes les raisons d’en
   profiter.
   Fin de liste des produits

   Précédent
   1 1 2 3 3
   Suivant
   Masquer le bas de page Afficher le bas de page

   Les avis
   Les commandes des clients toupargel
   Très bien 4,63 / 5,00
   5 étoiles
   30150
   4 étoiles
   9228
   3 étoiles
   1462
   2 étoiles
   494
   1 étoile
   229
   Note calculée à partir de 41563 avis Trusted Shops collectés depuis le
   30.10.2017
   LIVRAISON
   MARCHANDISE
   SERVICE CLIENT
   Avis validés par Trusted Shops

Livraison offerte dès 25€

Plus de 700 livreurs Toupargel partout en France

Des partenariats durables avec des producteurs régionaux

Un service client à votre écoute 7j/7

   Suivre @toupargel #toupargel

   Nos producteurs
   Découvrir

   Nos services
   Newsletter Commande par réfs. catalogue Nos guides Codes de réduction
   Catalogues interactifs Livraison de courses partout en France Boutique
   cadeaux Sélection première commande

   A propos
   FAQ Contact Catalogues Le groupe Toupargel Recettes

   Informations légales
   Mentions légales Politique Données Personnelles Politique Cookies
   Conditions Générales de Vente Crédits

   Paiement sécurisé
   Pour votre santé, évitez de grignoter entre les repas. mangerbouger.fr

   (BUTTON) 1 2 3
   Suivant

   Les avis

   Les commandes des clients toupargel
   Très bien 4,63 / 5,00
   5 étoiles
   30150
   4 étoiles
   9228
   3 étoiles
   1462
   2 étoiles
   494
   1 étoile
   229
   Note calculée à partir de 41563 avis Trusted Shops collectés depuis le
   30.10.2017
   LIVRAISON
   MARCHANDISE
   SERVICE CLIENT
   Avis validés par Trusted Shops

Livraison offerte dès 25€

Plus de 700 livreurs Toupargel partout en France

Des partenariats durables avec des producteurs régionaux

Un service client à votre écoute 7j/7

   Suivre @toupargel #toupargel

   Nos producteurs
   Découvrir

   Nos services

   Newsletter Commande par réfs. catalogue Nos guides Codes de réduction
   Catalogues interactifs Livraison de courses partout en France Boutique
   cadeaux Sélection première commande

   A propos

   FAQ Contact Catalogues Le groupe Toupargel Recettes

   Informations légales

   Mentions légales Politique Données Personnelles Politique Cookies
   Conditions Générales de Vente Crédits

   Paiement sécurisé

   Pour votre santé, évitez de grignoter entre les repas. mangerbouger.fr

   Date de livraison

   Prochaines dates de livraison disponibles pour
   (BUTTON) Modifier

   Le choix définitif de votre date et horaire de livraison ne se fera que
   lors de la validation de votre commande.
   (BUTTON) Je fais mes courses Je me connecte

   Prochaines dates de livraison disponibles
   Renseignez votre adresse pour connaître votre
   prochain créneau de livraison :
   ____________________
   ____________________
   [Ville]
   (BUTTON) Valider Je me connecte

   Abonnement newsletter
   delivery
   Abonnez-vous à nos newsletters et gagnez 5€
   Promos du moment, envies de saison, blog, recettes ...
   ____________________
   (BUTTON) M'ABONNER

   Choix du code postal
   Votre code postal
   Votre code postal
   Nous avons besoin de votre code postal pour l'ajout de produits au
   panier
   ____________________
   [Sélectionnez votre villee]
   (BUTTON) Poursuivre mes achats Se connecter

   T-Card
   Attention, vous allez perdre vos promotions !
   En supprimant votre Carte T de votre panier, vous perdez vos
   promotions. Votre panier sera recalculé.
   (BUTTON) Supprimer la carte Annuler

   Informations relatives aux cookies
   En poursuivant votre navigation sans modifier vos paramètres, vous
   acceptez l'utilisation des cookies ou technologies similaires pour
   disposer de services et d'offres adaptés à vos centres d'intérêts, la
   possibilité de partager les contenus sur les réseaux sociaux ainsi que
   pour la sécurisation des transactions sur notre site. Pour plus
   d'informations, gérer ou modifier les paramètres, cliquez-ici
   (BUTTON) J'ai compris
   #prev next

   IFRAME: https://www.googletagmanager.com/ns.html?id=GTM-MKBHWZ

   Frais, épicerie et surgelé livrés à domicile !
   ____________________
   Livraison
     * Connexion/Inscription

   0
   0,00€
   ____________________

   Frais, épicerie et surgelé livrés à domicile !

   Connexion/Inscription
     * Promotions
       Promotions
          + Promotions surgelés
          + Promotions produits frais
          + Promotions épicerie
          + Promotions eaux et boissons
          + Promotions hygiène, beauté et bébé
          + Tout afficher
     * Surgelés
       Surgelés
          + Promotions surgelés
          + Glaces et sorbets
            Glaces et sorbets
               o Bio
               o Bâtonnets
               o Cônes et cornets
               o Barres glacées et snacking
               o Bacs crèmes glacées
               o Bacs sorbets
               o Pots de glace
               o Glaces pour enfants
               o Desserts glacés individuels
               o Desserts glacés à partager
               o Sauces, coulis et fruits surgelés
               o Marque Häagen-Dazs
               o Marque Magnum
               o Marque Extrême
               o Marque Carte d'Or
               o Tout afficher
          + Légumes, frites et fruits surgelés
            Légumes, frites et fruits surgelés
               o Bio
               o Légumes natures surgelés
               o Légumes cuisinés surgelés
               o Pommes de terres surgelées
               o Frites surgelées
               o Poêlées de légumes surgelées
               o Mélanges de légumes surgelés
               o Purées surgelées
               o Gratins de légumes surgelés
               o Soupes et potages surgelés
               o Herbes aromatiques
               o Fruits surgelés
               o Tout afficher
          + Viandes et volailles surgelées
            Viandes et volailles surgelées
               o Bio
               o Poulet surgelé
               o Steaks hachés surgelés
               o Boeuf surgelé
               o Porc surgelé
               o Veau surgelé
               o Agneau surgelé
               o Viandes barbecue surgelées
               o Viandes d'exception surgelées
               o Autres volailles surgelées
               o Volailles cuisinées surgelées
               o Canard et foie gras surgelés
               o Gibier surgelé
               o Viandes Casher surgelées
               o Volailles Casher surgelées
               o Viandes Halal surgelées
               o Sauces surgelées viandes et volailles
               o Tout afficher
          + Poissons et fruits de mer surgelés
            Poissons et fruits de mer surgelés
               o Bio
               o Cabillaud surgelé
               o Colin surgelé
               o Saumon surgelé
               o Merlu et lieu surgelés
               o Autres poissons surgelés
               o Crevettes surgelées
               o Coquilles Saint Jacques surgelées
               o Autres fruits de mer surgelés
               o Poissons panés et meunières surgelés
               o Moules surgelées
               o Grenouilles surgelées
               o Poissons sans arrêtes
               o Pêche responsable
               o Sauces pour poissons surgelées
               o Tout afficher
          + Pizzas, quiches et tartes surgelées
            Pizzas, quiches et tartes surgelées
               o Bio
               o Pizzas surgelées
               o Les individuelles
               o Tartes et tourtes surgelées
               o Flammekueches
               o Quiches lorraine surgelées
               o Végétarien
               o Sans gluten
               o Tout afficher
          + Plats cuisinés surgelés
            Plats cuisinés surgelés
               o Plats cuisinés à partager
               o Plats individuels à moins de 3 euros
               o Plats individuels gourmets
               o Cuisine du monde surgelée
               o Pâtes et lasagnes surgelées
               o Spécialités régionales
               o Poêlées cuisinées surgelées
               o Plats pour bébé surgelés Yooji
               o Weight Watchers surgelés
               o Tout afficher
          + Entrées surgelées
            Entrées surgelées
               o Bio
               o Feuilletés et paniers surgelés
               o Tartes et quiches surgelées
               o Snacking surgelé
               o Crêpes et galettes surgelées
               o Coquilles Saint Jacques gratinées
               o Autres coquilles gratinées
               o Quenelles et gnocchis surgelés
               o Salades surgelées
               o Autres spécialités
               o Soupes et potages surgelées
               o Escargots surgelés
               o Saumon fumé surgelé
               o Coquillages farcis surgelés
               o Entrées surgelées au foie gras
               o Cassolettes surgelées
               o Tout afficher
          + Apéritifs surgelés
            Apéritifs surgelés
               o Apéritifs à servir chaud
               o Apéritifs à servir froid
               o Cocktails sucrés surgelés
               o Pains surprises surgelés
               o Verrines surgelées
               o Canapés surgelés
               o Cakes et mini-feuilletés surgelés
               o Apéritifs surgelés côté mer
               o Apéritifs surgelés du monde
               o Autres apéritifs surgelés
               o Tout afficher
          + Pâtisseries surgelées
            Pâtisseries surgelées
               o Bio
               o Desserts pâtissiers et entremets surgelés
               o Pâtisseries individuelles surgelées
               o Tartes et tartelettes surgelées
               o Saveur chocolat
               o Spécialités régionales surgelées
               o Petits fours surgelés
               o Macarons surgelés
               o Sauces et coulis surgelés
               o Beurre surgelé
               o Sans gluten
               o Tout afficher
          + Pains et viennoiseries surgelés
            Pains et viennoiseries surgelés
               o Bio
               o Pains surgelés
               o Viennoiseries surgelées
               o Beignets, gaufres et crêpes surgelés
               o Brioches surgelées
               o Pâtes à tarte et pizza surgelées
               o Sans gluten
               o Tout afficher
     * Glaces et sorbets
       Glaces et sorbets
          + Bio
          + Bâtonnets
          + Cônes et cornets
          + Barres glacées et snacking
          + Bacs crèmes glacées
          + Bacs sorbets
          + Pots de glace
          + Desserts glacés individuels
          + Desserts glacés à partager
          + Glaces pour enfants
          + Sauces, coulis et fruits surgelés
          + Marque Magnum
          + Marque Carte d'Or
          + Marque Häagen-Dazs
          + Marque Extrême
          + Tout afficher
     * Bio by Naturalia
       Bio by Naturalia
          + Promotions bio
          + Fruits et légumes bio
            Fruits et légumes bio
               o Légumes bio
               o Fruits bio
               o Jus de fruits bio
               o Jus de légumes bio
               o Fruits secs bio
               o Tout afficher
          + Produits laitiers et fromages bio
            Produits laitiers et fromages bio
               o Yaourts et fromages blancs bio
               o Fromages bio
               o Beurres, margarines et crèmes bio
               o Crèmes desserts bio
               o Laits bio
               o Yaourts et fromages sans lactose
               o Tout afficher
          + Le frais et les oeufs bio
            Le frais et les oeufs bio
               o Traiteur bio
               o Oeufs bio
               o Charcuterie bio
               o Traiteur de la mer bio
               o Tout afficher
          + Pains et viennoiseries bio
            Pains et viennoiseries bio
               o Pains bio
               o Viennoiseries et brioches bio
               o Pains sans gluten
               o Tout afficher
          + Epicerie salée bio
            Epicerie salée bio
               o Huiles et vinaigres bio
               o Conserves de légumes bio
               o Conserves de poissons bio
               o Sauces et aides à la cuisine bio
               o Plats cuisinés bio
               o Légumes secs et graines bio
               o Riz bio
               o Pâtes bio
               o Semoules, céréales et purées bio
               o Soupes et croûtons bio
               o Apéritifs et chips bio
               o Tartinades de légumes bio
               o Terrines et pâtés bio
               o Sel, poivre et épices bio
               o Moutarde, mayonnaise et ketchup bio
               o Cornichons, olives et câpres bio
               o Sans gluten
               o Tout afficher
          + Epicerie sucrée bio
            Epicerie sucrée bio
               o Céréales bio
               o Biscottes, pains grillés et galettes bio
               o Sucres, farines et levures bio
               o Biscuits, cookies et sablés bio
               o Pâte à tartiner bio
               o Compotes, fruits sirop et flans bio
               o Café et boissons chocolatées bio
               o Chicorées et substituts café bio
               o Thés et infusions bio
               o Confitures bio
               o Miel bio
               o Chocolats bio
               o Cakes, madeleines et crêpes bio
               o Fruits secs bio
               o Sans gluten
               o Tout afficher
          + Surgelés bio
            Surgelés bio
               o Glaces bio
               o Légumes surgelés bio
               o Fruits surgelés bio
               o Viandes surgelées bio
               o Volailles surgelées bio
               o Produits de la mer surgelés bio
               o Pizzas, quiches et tartes surgelés bio
               o Apéritifs et entrées surgelés bio
               o Pâtisseries surgelées bio
               o Pains surgelés bio
               o Surgelé Bébé bio
               o Surgelés bio sans gluten
               o Tout afficher
          + Boissons bio
            Boissons bio
               o Jus de fruits bio
               o Laits bio
               o Boissons végétales bio
               o Eaux
               o Vins et champagnes bio
               o Bières bio
               o Cola et boissons gazeuses bio
               o Sirops bio
               o Jus de légumes bio
               o Jus de fruits frais bio
               o Thé glacé et Kombucha bio
               o Cidres bio
               o Bières sans gluten
               o Tout afficher
          + Maison et animaux bio
            Maison et animaux bio
               o Nettoyants et accessoires ménagers bio
               o Linge bio
               o Vaisselle bio
               o Chats bio
               o Chiens bio
               o Tout afficher
          + Hygiène, beauté et bébé bio
            Hygiène, beauté et bébé bio
               o Alimentation bébé bio
               o Soins visage et corps bio
               o Soins Cheveux bio
               o Compléments alimentaires bio
               o Papier toilette
               o Soins et rasage homme bio
               o Tout afficher
          + Sans gluten et végan bio
            Sans gluten et végan bio
               o Produits sans gluten Bio
               o Produits vegan Bio
               o Tout afficher
     * Epicerie salée
       Epicerie salée
          + Bio
            Bio
               o Huiles et vinaigres bio
               o Conserves de légumes bio
               o Conserves de poissons bio
               o Sauces et aides à la cuisine bio
               o Plats cuisinés bio
               o Légumes secs et graines bio
               o Riz bio
               o Pâtes bio
               o Semoules, céréales et purées bio
               o Soupes et croûtons bio
               o Biscuits apéritif et chips bio
               o Tartinades de légumes bio
               o Terrines et pâtés bio
               o Sels, poivres et épices bio
               o Moutarde, mayonnaise et ketchup bio
               o Cornichons, olives et câpres bio
               o Epicerie salée sans gluten
               o Tout afficher
          + Pâtes, riz et féculents
            Pâtes, riz et féculents
               o Pâtes
               o Riz
               o Sauces pour pâtes et riz
               o Purées et polenta
               o Semoule et céréales
               o Légumes secs
               o Tout afficher
          + Conserves et bocaux
            Conserves et bocaux
               o Conserves de légumes
               o Conserves de poissons
               o Terrines et pâtés
               o Tout afficher
          + Plats cuisinés
          + Apéritifs et chips
            Apéritifs et chips
               o Chips
               o Biscuits apéritifs
               o Cacahuètes, pistaches et mélanges
               o Tout afficher
          + Soupes et croûtons
            Soupes et croûtons
               o Soupes en brique
               o Soupes instantanées
               o Soupes déshydratées
               o Soupes de poisson et bisques
               o Croûtons
               o Tout afficher
          + Assaisonnements et condiments
            Assaisonnements et condiments
               o Huiles
               o Vinaigres
               o Sels, poivres et épices
               o Moutarde, mayonnaise et ketchup
               o Cornichons, olives et câpres
               o Tout afficher
          + Sauces, bouillons et Maïzena
            Sauces, bouillons et Maïzena
               o Bouillons et fonds de sauces
               o Sauces et concentrés
               o Crèmes en briques
               o Maïzena, chapelures et farines
               o Tout afficher
     * Epicerie sucrée
       Epicerie sucrée
          + Bio
            Bio
               o Café et boissons chocolatées bio
               o Chicorées et substituts café bio
               o Thés et infusions bio
               o Biscuits, cookies et sablés bio
               o Cakes, madeleines et crêpes bio
               o Fruits secs bio
               o Chocolats bio
               o Biscottes, pains grillés et galettes bio
               o Viennoiseries et brioches bio
               o Confitures bio
               o Miels bio
               o Pâte à tartiner bio
               o Céréales bio
               o Compotes, fruits sirop et flans bio
               o Sucres, farines et levures bio
               o Epicerie sucrée sans gluten
               o Tout afficher
          + Cafés
            Cafés
               o Cafés moulus
               o Cafés solubles et chicorées
               o Compatibles Nespresso
               o Compatibles Senseo
               o Filtres à café
               o Tout afficher
          + Boissons chocolatées et thés
            Boissons chocolatées et thés
               o Chocolat en poudre
               o Thés
               o Infusions
               o Laits en poudre et concentrés
               o Tout afficher
          + Petit déjeuner
            Petit déjeuner
               o Pain de mie
               o Pains grillés et biscottes
               o Céréales
               o Viennoiseries et brioches
               o Biscuits petit déjeuner
               o Confitures
               o Miels et pâtes à tartiner
               o Fruits secs
               o Tout afficher
          + Biscuits
            Biscuits
               o Galettes et sablés
               o Biscuits au chocolat et cookies
               o Palmiers et gaufrettes
               o Biscuits saveurs fruits
               o Petits beurre et accompagnements
               o Biscuits sans gluten
               o Biscuits diététiques
               o Biscuits petit déjeuner
               o Tout afficher
          + Pâtisseries moelleuses
            Pâtisseries moelleuses
               o Madeleines
               o Cakes, pains d'épice
               o Viennoiseries et brioches
               o Spécialités gourmandes
               o Crêpes, pancakes et gaufres
               o Goûters pour enfants
               o Tout afficher
          + Chocolat
            Chocolat
               o Barres au chocolat
               o Tablettes chocolat noir
               o Tablettes chocolat lait et blanc
               o Chocolat pâtissier
               o Assortiments de chocolats
               o Tout afficher
          + Confiseries
            Confiseries
               o Bonbons
               o Bonbons à sucer
               o Caramels
               o Nougats
               o Tout afficher
          + Compotes et fruits au sirop
            Compotes et fruits au sirop
               o Compotes de fruits
               o Fruits au sirop
               o Tout afficher
          + Sucres et Farines
            Sucres et Farines
               o Sucres et édulcorants
               o Farines
               o Aides pâtissières
               o Sans gluten
               o Tout afficher
          + Produits diététiques
            Produits diététiques
               o Infusions et cafés diététiques
               o Biscuits diététiques
               o Tout afficher
     * Fruits et légumes
       Fruits et légumes
          + Bio
            Bio
               o Légumes bio
               o Fruits bio
               o Jus de fruits bio
               o Jus de légumes bio
               o Fruits secs bio
               o Tout afficher
          + Légumes
            Légumes
               o Pommes de terre
               o Tomates
               o Choux
               o Carottes
               o Oignons, échalotes et ails
               o Salades vertes et en sachet
               o Autres légumes frais
               o Assortiment légumes pour soupes
               o Légumes sous vide
               o Herbes aromatiques
               o Tout afficher
          + Fruits
            Fruits
               o Pommes
               o Poires
               o Bananes
               o Oranges
               o Raisins
               o Citrons
               o Autres fruits
               o Fruits secs
               o Tout afficher
          + Jus de fruits et gazpacho
            Jus de fruits et gazpacho
               o Jus de fruits
               o Gazpacho et jus de légumes
               o Tout afficher
          + Les arrivages de la semaine
     * Produits laitiers et fromages
       Produits laitiers et fromages
          + Bio
            Bio
               o Laits bio
               o Oeufs bio
               o Beurres, margarines et crèmes bio
               o Les fromages bio
               o Les yaourts bio
               o Sans lactose
               o Tout afficher
          + Laits
            Laits
               o Laits demi-écrémés
               o Laits écrémés
               o Laits entiers
               o Laits de chèvre
               o Laits en poudre et concentré
               o Tout afficher
          + Beurres et crèmes
            Beurres et crèmes
               o Beurres et margarines
               o Crèmes
               o Tout afficher
          + Fromages
            Fromages
               o Fromage râpé
               o Fromage de chèvre
               o Fromage de brebis
               o Comté, emmental et cantal
               o Camembert
               o Brie et coulommiers
               o Roquefort et bleu
               o Mozzarella
               o Les spécialités de fromage
               o Fromages à la découpe
               o Fromages à tartiner
               o Apéritif, salade et snacking
               o A cuisiner ou manger chaud
               o Fromages pour enfants
               o Fromages allégés
               o Tout afficher
          + Yaourts
            Yaourts
               o Yaourts fruits et sur lit de fruits
               o Fromage blanc et faisselles
               o Yaourts enfants
               o Yaourts natures
               o Tout afficher
          + Desserts
            Desserts
               o Crèmes desserts, mousses et liégeois
               o Compotes et coupes de fruits
               o Riz au lait et crèmes aux oeufs
               o Desserts pâtissiers
               o Tout afficher
          + Producteurs régionaux
     * Le frais et les oeufs
       Le frais et les oeufs
          + Bio
            Bio
               o Oeufs bio
               o Charcuterie bio
               o Rayons frais bio
               o Traiteur de la mer bio
               o Pains et viennoiseries bio
               o Tout afficher
          + Oeufs
          + Charcuteries
            Charcuteries
               o Jambon blanc
               o Jambon de volaille
               o Charcuterie tranchée
               o Saucissons entiers
               o Chorizo
               o Pâtés, terrines et rillettes
               o Saucisses, boudins et andouillettes
               o Lardons, dés et poitrine
               o Viandes cuites et pieds de porcs
               o Nos producteurs régionaux
               o Charcuterie sel réduit
               o Charcuterie sans nitrites
               o Charcuterie Halal
               o Tout afficher
          + Traiteur
            Traiteur
               o Salades composées barquette
               o Entrées et apéritifs
               o Plats cuisinés individuels
               o Plats cuisinés à partager
               o Pâtes fraîches, quenelles et gnocchis
               o Sandwich, burger et snack
               o Pizzas, tartes et quiches
               o Feuilletés et crêpes
               o Pâtes à tarte, pizza et brick
               o Tout afficher
          + Traiteur de la mer
            Traiteur de la mer
               o Poissons fumés et salés
               o Poissons panés
               o Crevettes
               o Moules
               o Surimi
               o Soupes de poisson
               o Plats cuisinés de la mer
               o A tartiner
               o Tout afficher
          + Pains et pâtisseries
            Pains et pâtisseries
               o Pains
               o Pains de mie
               o Pâtisseries fraîches
               o Viennoiseries
               o Brioches
               o Sans gluten
               o Tout afficher
     * Viandes et volailles
       Viandes et volailles
          + Viandes et volailles surgelées
            Viandes et volailles surgelées
               o Bio
               o Poulet surgelé
               o Autres volailles surgelées
               o Volailles cuisinées surgelées
               o Volailles Casher surgelées
               o Steaks hachés surgelés
               o Boeuf surgelé
               o Veau surgelé
               o Porc surgelé
               o Agneau surgelé
               o Canard et foie gras surgelés
               o Gibier surgelé
               o Viandes d'exception surgelées
               o Viandes barbecue surgelées
               o Viandes Casher surgelées
               o Viandes Halal surgelées
               o Sauces surgelées viandes et volailles
               o Tout afficher
          + Viandes
            Viandes
               o Boeuf
               o Porc
               o Saucisses et merguez
               o Veau
               o Agneau et mouton
               o Lapin
               o Viandes cuisinées et marinées
               o Viande origine France
               o Viande Label Rouge
               o Tout afficher
          + Volailles
            Volailles
               o Poulet
               o Dinde
               o Canard
               o Autres volailles
               o Foie et gésiers
               o Panés et nuggets
               o Volaille origine France
               o Volaille Label Rouge
               o Tout afficher
     * Eaux et boissons
       Eaux et boissons
          + Bio
            Bio
               o Laits bio
               o Jus de fruit bio
               o Jus de légumes bio
               o Colas et boissons gazeuses bio
               o Boissons aromatisées et sirops bio
               o Thé glacé et Kombucha bio
               o Sirops bio
               o Vins bio
               o Champagnes et effervescents bio
               o Tout afficher
          + Eaux
            Eaux
               o Eaux plates
               o Eaux gazeuses
               o Eaux aromatisées
               o Petit format
               o Eaux pour bébé
               o Tout afficher
          + Laits
            Laits
               o Laits demi-écrémés
               o Laits écrémés
               o Laits entiers
               o Laits de chèvre
               o Laits en poudre et concentré
               o Tout afficher
          + Jus de fruits et légumes
            Jus de fruits et légumes
               o Jus d'orange
               o Jus de pomme
               o Jus multifruits
               o Tous les jus de fruits
               o Jus de fruits frais
               o Jus de légumes
               o Boissons enfants et à emporter
               o Tout afficher
          + Colas et boissons gazeuses
            Colas et boissons gazeuses
               o Colas
               o Colas light
               o Sodas
               o Sodas light
               o Limonades
               o Tout afficher
          + Boissons aromatisées et Sirops
            Boissons aromatisées et Sirops
               o Ice tea
               o Oasis
               o Jus de cranberry
               o Grenadine et fruits rouges
               o Sirop d'agrumes
               o Autres sirops
               o Tout afficher
          + Bières et cidres
            Bières et cidres
               o Bières
               o Bières sans alcool et panachés
               o Cidres
               o Tout afficher
          + Vins
            Vins
               o Vins rouges
               o Vins blancs
               o Vins rosés
               o Bib et cubi
               o Accessoires à vin
               o Tout afficher
          + Champagnes et effervescents
            Champagnes et effervescents
               o Champagnes
               o Effervescents
               o Tout afficher
          + Alcools
            Alcools
               o Whisky
               o Rhum, gin et vodka
               o Autres spiritueux et apéritifs
               o Apéritifs sans alcool
               o Tout afficher
     * Maison et animaux
       Maison et animaux
          + Bio
            Bio
               o Nettoyant linge écologique
               o Nettoyants vaisselle écologique
               o Nettoyants ménagers écologiques
               o Accessoires ménagers écologiques
               o Chats bio
               o Chiens bio
               o Tout afficher
          + Entretien linge
            Entretien linge
               o Lessive
               o Assouplissant
               o Autre entretien linge
               o Tout afficher
          + Entretien vaisselle
            Entretien vaisselle
               o Lavage lave-vaisselle
               o Liquide vaisselle
               o Entretien lave-vaisselle
               o Tout afficher
          + Entretien maison
            Entretien maison
               o Nettoyants
               o Eaux de javel
               o WC et déboucheurs
               o Tout afficher
          + Accessoires ménagers
            Accessoires ménagers
               o Eponges
               o Essuie tout
               o Sacs poubelles
               o Emballages
               o Tout afficher
          + Désodorisants et insecticides
            Désodorisants et insecticides
               o Désodorisants
               o Insecticides
               o Tout afficher
          + Droguerie
          + Animaux
            Animaux
               o Nourriture chat
               o Litières chat
               o Nourriture chien
               o Autres animaux
               o Tout afficher
     * Hygiène, beauté et bébé
       Hygiène, beauté et bébé
          + Bio
            Bio
               o Hygiène et beauté bio
               o Bébé bio
               o Tout afficher
          + Hygiène et beauté
            Hygiène et beauté
               o Papier toilette
               o Mouchoirs et cotons
               o Parapharmacie
               o Soins du visage et du corps
               o Soins des cheveux
               o Hygiène dentaire
               o Savons et savons liquides
               o Hygiène féminine
               o Soins des hommes
               o Tout afficher
          + Bébé
            Bébé
               o Laits et eaux
               o Alimentation bébé
               o Couches, lingettes et cotons
               o Tout afficher
          + Compléments alimentaires
     * Préférences alimentaires
       Préférences alimentaires
          + Produits sans gluten
            Produits sans gluten
               o Épicerie sans gluten
               o Produits surgelés sans gluten
               o Produits frais sans gluten
               o Produits Schär
               o Produits Amy's Kitchen
               o Produits Genius
               o Tout afficher
          + Produits végétariens
          + Produits sans lactose
          + Produits Halal
          + Produits Casher
          + Plats Weight Watchers
          + Nutrisens plats mixés
          + Laurent Mariotte
          + Box alimentaire
          + Produits sans sel
          + Produits du terroir français
            Produits du terroir français
               o Spécialités du Sud Ouest
               o Produits alsaciens
               o Spécialités Rhône-Alpes
               o Autres spécialités régionales
               o Tout afficher
               o La famille du mois
          + Sans colorants, sans arôme artificiel
     * Avantages Carte T
     * Les services Toupargel
       Nous contacter Les questions fréquentes Nos guides Nos recettes
       L’application mobile
     *

   Promotions Promotions
   Promotions
   Promotions surgelés
   Promotions produits frais
   Promotions épicerie
   Promotions eaux et boissons
   Promotions hygiène, beauté et bébé
   Tout afficher
   Surgelés Surgelés
   Surgelés
   Promotions surgelés
   Glaces et sorbets
   Bio Bâtonnets Cônes et cornets Barres glacées et snacking
   Bacs crèmes glacées Bacs sorbets Pots de glace Glaces pour enfants
   Desserts glacés individuels Desserts glacés à partager Sauces, coulis
   et fruits surgelés Marque Häagen-Dazs
   Marque Magnum Marque Extrême Marque Carte d'Or Tout afficher
   Légumes, frites et fruits surgelés
   Bio Légumes natures surgelés Légumes cuisinés surgelés Pommes de terres
   surgelées
   Frites surgelées Poêlées de légumes surgelées Mélanges de légumes
   surgelés Purées surgelées
   Gratins de légumes surgelés Soupes et potages surgelés Herbes
   aromatiques Fruits surgelés
   Tout afficher
   Viandes et volailles surgelées
   Bio Poulet surgelé Steaks hachés surgelés Boeuf surgelé
   Porc surgelé Veau surgelé Agneau surgelé Viandes barbecue surgelées
   Viandes d'exception surgelées Autres volailles surgelées Volailles
   cuisinées surgelées Canard et foie gras surgelés
   Gibier surgelé Viandes Casher surgelées Volailles Casher surgelées
   Viandes Halal surgelées
   Sauces surgelées viandes et volailles Tout afficher
   Poissons et fruits de mer surgelés
   Bio Cabillaud surgelé Colin surgelé Saumon surgelé
   Merlu et lieu surgelés Autres poissons surgelés Crevettes surgelées
   Coquilles Saint Jacques surgelées
   Autres fruits de mer surgelés Poissons panés et meunières surgelés
   Moules surgelées Grenouilles surgelées
   Poissons sans arrêtes Pêche responsable Sauces pour poissons surgelées
   Tout afficher
   Pizzas, quiches et tartes surgelées
   Bio Pizzas surgelées Les individuelles Tartes et tourtes surgelées
   Flammekueches Quiches lorraine surgelées Végétarien Sans gluten
   Tout afficher
   Plats cuisinés surgelés
   Plats cuisinés à partager Plats individuels à moins de 3 euros Plats
   individuels gourmets Cuisine du monde surgelée
   Pâtes et lasagnes surgelées Spécialités régionales Poêlées cuisinées
   surgelées Plats pour bébé surgelés Yooji
   Weight Watchers surgelés Tout afficher
   Entrées surgelées
   Bio Feuilletés et paniers surgelés Tartes et quiches surgelées Snacking
   surgelé
   Crêpes et galettes surgelées Coquilles Saint Jacques gratinées Autres
   coquilles gratinées Quenelles et gnocchis surgelés
   Salades surgelées Autres spécialités Soupes et potages surgelées
   Escargots surgelés
   Saumon fumé surgelé Coquillages farcis surgelés Entrées surgelées au
   foie gras Cassolettes surgelées
   Tout afficher
   Apéritifs surgelés
   Apéritifs à servir chaud Apéritifs à servir froid Cocktails sucrés
   surgelés Pains surprises surgelés
   Verrines surgelées Canapés surgelés Cakes et mini-feuilletés surgelés
   Apéritifs surgelés côté mer
   Apéritifs surgelés du monde Autres apéritifs surgelés Tout afficher
   Pâtisseries surgelées
   Bio Desserts pâtissiers et entremets surgelés Pâtisseries individuelles
   surgelées Tartes et tartelettes surgelées
   Saveur chocolat Spécialités régionales surgelées Petits fours surgelés
   Macarons surgelés
   Sauces et coulis surgelés Beurre surgelé Sans gluten Tout afficher
   Pains et viennoiseries surgelés
   Bio Pains surgelés Viennoiseries surgelées Beignets, gaufres et crêpes
   surgelés
   Brioches surgelées Pâtes à tarte et pizza surgelées Sans gluten Tout
   afficher
   Glaces et sorbets Glaces et sorbets
   Glaces et sorbets
   Bio
   Bâtonnets
   Cônes et cornets
   Barres glacées et snacking
   Bacs crèmes glacées
   Bacs sorbets
   Pots de glace
   Desserts glacés individuels
   Desserts glacés à partager
   Glaces pour enfants
   Sauces, coulis et fruits surgelés
   Marque Magnum
   Marque Carte d'Or
   Marque Häagen-Dazs
   Marque Extrême
   Tout afficher
   Bio by Naturalia Bio by Naturalia
   Bio by Naturalia
   Promotions bio
   Fruits et légumes bio
   Légumes bio Fruits bio Jus de fruits bio Jus de légumes bio
   Fruits secs bio Tout afficher
   Produits laitiers et fromages bio
   Yaourts et fromages blancs bio Fromages bio Beurres, margarines et
   crèmes bio Crèmes desserts bio
   Laits bio Yaourts et fromages sans lactose Tout afficher
   Le frais et les oeufs bio
   Traiteur bio Oeufs bio Charcuterie bio Traiteur de la mer bio
   Tout afficher
   Pains et viennoiseries bio
   Pains bio Viennoiseries et brioches bio Pains sans gluten Tout afficher
   Epicerie salée bio
   Huiles et vinaigres bio Conserves de légumes bio Conserves de poissons
   bio Sauces et aides à la cuisine bio
   Plats cuisinés bio Légumes secs et graines bio Riz bio Pâtes bio
   Semoules, céréales et purées bio Soupes et croûtons bio Apéritifs et
   chips bio Tartinades de légumes bio
   Terrines et pâtés bio Sel, poivre et épices bio Moutarde, mayonnaise et
   ketchup bio Cornichons, olives et câpres bio
   Sans gluten Tout afficher
   Epicerie sucrée bio
   Céréales bio Biscottes, pains grillés et galettes bio Sucres, farines
   et levures bio Biscuits, cookies et sablés bio
   Pâte à tartiner bio Compotes, fruits sirop et flans bio Café et
   boissons chocolatées bio Chicorées et substituts café bio
   Thés et infusions bio Confitures bio Miel bio Chocolats bio
   Cakes, madeleines et crêpes bio Fruits secs bio Sans gluten Tout
   afficher
   Surgelés bio
   Glaces bio Légumes surgelés bio Fruits surgelés bio Viandes surgelées
   bio
   Volailles surgelées bio Produits de la mer surgelés bio Pizzas, quiches
   et tartes surgelés bio Apéritifs et entrées surgelés bio
   Pâtisseries surgelées bio Pains surgelés bio Surgelé Bébé bio Surgelés
   bio sans gluten
   Tout afficher
   Boissons bio
   Jus de fruits bio Laits bio Boissons végétales bio Eaux
   Vins et champagnes bio Bières bio Cola et boissons gazeuses bio Sirops
   bio
   Jus de légumes bio Jus de fruits frais bio Thé glacé et Kombucha bio
   Cidres bio
   Bières sans gluten Tout afficher
   Maison et animaux bio
   Nettoyants et accessoires ménagers bio Linge bio Vaisselle bio Chats
   bio
   Chiens bio Tout afficher
   Hygiène, beauté et bébé bio
   Alimentation bébé bio Soins visage et corps bio Soins Cheveux bio
   Compléments alimentaires bio
   Papier toilette Soins et rasage homme bio Tout afficher
   Sans gluten et végan bio
   Produits sans gluten Bio Produits vegan Bio Tout afficher
   Epicerie salée Epicerie salée
   Epicerie salée
   Bio
   Huiles et vinaigres bio Conserves de légumes bio Conserves de poissons
   bio Sauces et aides à la cuisine bio
   Plats cuisinés bio Légumes secs et graines bio Riz bio Pâtes bio
   Semoules, céréales et purées bio Soupes et croûtons bio Biscuits
   apéritif et chips bio Tartinades de légumes bio
   Terrines et pâtés bio Sels, poivres et épices bio Moutarde, mayonnaise
   et ketchup bio Cornichons, olives et câpres bio
   Epicerie salée sans gluten Tout afficher
   Pâtes, riz et féculents
   Pâtes Riz Sauces pour pâtes et riz Purées et polenta
   Semoule et céréales Légumes secs Tout afficher
   Conserves et bocaux
   Conserves de légumes Conserves de poissons Terrines et pâtés Tout
   afficher
   Plats cuisinés
   Apéritifs et chips
   Chips Biscuits apéritifs Cacahuètes, pistaches et mélanges Tout
   afficher
   Soupes et croûtons
   Soupes en brique Soupes instantanées Soupes déshydratées Soupes de
   poisson et bisques
   Croûtons Tout afficher
   Assaisonnements et condiments
   Huiles Vinaigres Sels, poivres et épices Moutarde, mayonnaise et
   ketchup
   Cornichons, olives et câpres Tout afficher
   Sauces, bouillons et Maïzena
   Bouillons et fonds de sauces Sauces et concentrés Crèmes en briques
   Maïzena, chapelures et farines
   Tout afficher
   Epicerie sucrée Epicerie sucrée
   Epicerie sucrée
   Bio
   Café et boissons chocolatées bio Chicorées et substituts café bio Thés
   et infusions bio Biscuits, cookies et sablés bio
   Cakes, madeleines et crêpes bio Fruits secs bio Chocolats bio
   Biscottes, pains grillés et galettes bio
   Viennoiseries et brioches bio Confitures bio Miels bio Pâte à tartiner
   bio
   Céréales bio Compotes, fruits sirop et flans bio Sucres, farines et
   levures bio Epicerie sucrée sans gluten
   Tout afficher
   Cafés
   Cafés moulus Cafés solubles et chicorées Compatibles Nespresso
   Compatibles Senseo
   Filtres à café Tout afficher
   Boissons chocolatées et thés
   Chocolat en poudre Thés Infusions Laits en poudre et concentrés
   Tout afficher
   Petit déjeuner
   Pain de mie Pains grillés et biscottes Céréales Viennoiseries et
   brioches
   Biscuits petit déjeuner Confitures Miels et pâtes à tartiner Fruits
   secs
   Tout afficher
   Biscuits
   Galettes et sablés Biscuits au chocolat et cookies Palmiers et
   gaufrettes Biscuits saveurs fruits
   Petits beurre et accompagnements Biscuits sans gluten Biscuits
   diététiques Biscuits petit déjeuner
   Tout afficher
   Pâtisseries moelleuses
   Madeleines Cakes, pains d'épice Viennoiseries et brioches Spécialités
   gourmandes
   Crêpes, pancakes et gaufres Goûters pour enfants Tout afficher
   Chocolat
   Barres au chocolat Tablettes chocolat noir Tablettes chocolat lait et
   blanc Chocolat pâtissier
   Assortiments de chocolats Tout afficher
   Confiseries
   Bonbons Bonbons à sucer Caramels Nougats
   Tout afficher
   Compotes et fruits au sirop
   Compotes de fruits Fruits au sirop Tout afficher
   Sucres et Farines
   Sucres et édulcorants Farines Aides pâtissières Sans gluten
   Tout afficher
   Produits diététiques
   Infusions et cafés diététiques Biscuits diététiques Tout afficher
   Fruits et légumes Fruits et légumes
   Fruits et légumes
   Bio
   Légumes bio Fruits bio Jus de fruits bio Jus de légumes bio
   Fruits secs bio Tout afficher
   Légumes
   Pommes de terre Tomates Choux Carottes
   Oignons, échalotes et ails Salades vertes et en sachet Autres légumes
   frais Assortiment légumes pour soupes
   Légumes sous vide Herbes aromatiques Tout afficher
   Fruits
   Pommes Poires Bananes Oranges
   Raisins Citrons Autres fruits Fruits secs
   Tout afficher
   Jus de fruits et gazpacho
   Jus de fruits Gazpacho et jus de légumes Tout afficher
   Les arrivages de la semaine
   Produits laitiers et fromages Produits laitiers et fromages
   Produits laitiers et fromages
   Bio
   Laits bio Oeufs bio Beurres, margarines et crèmes bio Les fromages bio
   Les yaourts bio Sans lactose Tout afficher
   Laits
   Laits demi-écrémés Laits écrémés Laits entiers Laits de chèvre
   Laits en poudre et concentré Tout afficher
   Beurres et crèmes
   Beurres et margarines Crèmes Tout afficher
   Fromages
   Fromage râpé Fromage de chèvre Fromage de brebis Comté, emmental et
   cantal
   Camembert Brie et coulommiers Roquefort et bleu Mozzarella
   Les spécialités de fromage Fromages à la découpe Fromages à tartiner
   Apéritif, salade et snacking
   A cuisiner ou manger chaud Fromages pour enfants Fromages allégés Tout
   afficher
   Yaourts
   Yaourts fruits et sur lit de fruits Fromage blanc et faisselles Yaourts
   enfants Yaourts natures
   Tout afficher
   Desserts
   Crèmes desserts, mousses et liégeois Compotes et coupes de fruits Riz
   au lait et crèmes aux oeufs Desserts pâtissiers
   Tout afficher
   Producteurs régionaux
   Le frais et les oeufs Le frais et les oeufs
   Le frais et les oeufs
   Bio
   Oeufs bio Charcuterie bio Rayons frais bio Traiteur de la mer bio
   Pains et viennoiseries bio Tout afficher
   Oeufs
   Charcuteries
   Jambon blanc Jambon de volaille Charcuterie tranchée Saucissons entiers
   Chorizo Pâtés, terrines et rillettes Saucisses, boudins et
   andouillettes Lardons, dés et poitrine
   Viandes cuites et pieds de porcs Nos producteurs régionaux Charcuterie
   sel réduit Charcuterie sans nitrites
   Charcuterie Halal Tout afficher
   Traiteur
   Salades composées barquette Entrées et apéritifs Plats cuisinés
   individuels Plats cuisinés à partager
   Pâtes fraîches, quenelles et gnocchis Sandwich, burger et snack Pizzas,
   tartes et quiches Feuilletés et crêpes
   Pâtes à tarte, pizza et brick Tout afficher
   Traiteur de la mer
   Poissons fumés et salés Poissons panés Crevettes Moules
   Surimi Soupes de poisson Plats cuisinés de la mer A tartiner
   Tout afficher
   Pains et pâtisseries
   Pains Pains de mie Pâtisseries fraîches Viennoiseries
   Brioches Sans gluten Tout afficher
   Viandes et volailles Viandes et volailles
   Viandes et volailles
   Viandes et volailles surgelées
   Bio Poulet surgelé Autres volailles surgelées Volailles cuisinées
   surgelées
   Volailles Casher surgelées Steaks hachés surgelés Boeuf surgelé Veau
   surgelé
   Porc surgelé Agneau surgelé Canard et foie gras surgelés Gibier surgelé
   Viandes d'exception surgelées Viandes barbecue surgelées Viandes Casher
   surgelées Viandes Halal surgelées
   Sauces surgelées viandes et volailles Tout afficher
   Viandes
   Boeuf Porc Saucisses et merguez Veau
   Agneau et mouton Lapin Viandes cuisinées et marinées Viande origine
   France
   Viande Label Rouge Tout afficher
   Volailles
   Poulet Dinde Canard Autres volailles
   Foie et gésiers Panés et nuggets Volaille origine France Volaille Label
   Rouge
   Tout afficher
   Eaux et boissons Eaux et boissons
   Eaux et boissons
   Bio
   Laits bio Jus de fruit bio Jus de légumes bio Colas et boissons
   gazeuses bio
   Boissons aromatisées et sirops bio Thé glacé et Kombucha bio Sirops bio
   Vins bio
   Champagnes et effervescents bio Tout afficher
   Eaux
   Eaux plates Eaux gazeuses Eaux aromatisées Petit format
   Eaux pour bébé Tout afficher
   Laits
   Laits demi-écrémés Laits écrémés Laits entiers Laits de chèvre
   Laits en poudre et concentré Tout afficher
   Jus de fruits et légumes
   Jus d'orange Jus de pomme Jus multifruits Tous les jus de fruits
   Jus de fruits frais Jus de légumes Boissons enfants et à emporter Tout
   afficher
   Colas et boissons gazeuses
   Colas Colas light Sodas Sodas light
   Limonades Tout afficher
   Boissons aromatisées et Sirops
   Ice tea Oasis Jus de cranberry Grenadine et fruits rouges
   Sirop d'agrumes Autres sirops Tout afficher
   Bières et cidres
   Bières Bières sans alcool et panachés Cidres Tout afficher
   Vins
   Vins rouges Vins blancs Vins rosés Bib et cubi
   Accessoires à vin Tout afficher
   Champagnes et effervescents
   Champagnes Effervescents Tout afficher
   Alcools
   Whisky Rhum, gin et vodka Autres spiritueux et apéritifs Apéritifs sans
   alcool
   Tout afficher
   Maison et animaux Maison et animaux
   Maison et animaux
   Bio
   Nettoyant linge écologique Nettoyants vaisselle écologique Nettoyants
   ménagers écologiques Accessoires ménagers écologiques
   Chats bio Chiens bio Tout afficher
   Entretien linge
   Lessive Assouplissant Autre entretien linge Tout afficher
   Entretien vaisselle
   Lavage lave-vaisselle Liquide vaisselle Entretien lave-vaisselle Tout
   afficher
   Entretien maison
   Nettoyants Eaux de javel WC et déboucheurs Tout afficher
   Accessoires ménagers
   Eponges Essuie tout Sacs poubelles Emballages
   Tout afficher
   Désodorisants et insecticides
   Désodorisants Insecticides Tout afficher
   Droguerie
   Animaux
   Nourriture chat Litières chat Nourriture chien Autres animaux
   Tout afficher
   Hygiène, beauté et bébé Hygiène, beauté et bébé
   Hygiène, beauté et bébé
   Bio
   Hygiène et beauté bio Bébé bio Tout afficher
   Hygiène et beauté
   Papier toilette Mouchoirs et cotons Parapharmacie Soins du visage et du
   corps
   Soins des cheveux Hygiène dentaire Savons et savons liquides Hygiène
   féminine
   Soins des hommes Tout afficher
   Bébé
   Laits et eaux Alimentation bébé Couches, lingettes et cotons Tout
   afficher
   Compléments alimentaires
   Préférences alimentaires Préférences alimentaires
   Préférences alimentaires
   Produits sans gluten
   Épicerie sans gluten Produits surgelés sans gluten Produits frais sans
   gluten Produits Schär
   Produits Amy's Kitchen Produits Genius Tout afficher
   Produits végétariens
   Produits sans lactose
   Produits Halal
   Produits Casher
   Plats Weight Watchers
   Nutrisens plats mixés
   Laurent Mariotte
   Box alimentaire
   Produits sans sel
   Produits du terroir français
   Spécialités du Sud Ouest Produits alsaciens Spécialités Rhône-Alpes
   Autres spécialités régionales
   Tout afficher La famille du mois
   Sans colorants, sans arôme artificiel
   Avantages Carte T Avantages Carte T
   Avantages Carte T

   RETOUR
   ____________________
   fermer
   0
   0,00€

    1. Accueil >

     Maison et animaux >

     Entretien maison >

     Tout afficher (41)

Entretien maison

   Nettoyants Eaux de javel WC et déboucheurs Tout afficher
   Filtrer
   Trier

   Nettoyants Eaux de javel WC et déboucheurs Tout afficher
   Filtrer
   Marque
   [ ] Casino (8)
   [ ] Ajax (4)
   [ ] St Marc (4)
   [ ] Destop (3)
   [ ] Carolin (2)
   [ ] Harpic (2)
   [ ] La Croix (2)
   [ ] Swiffer (2)
   [ ] Antikal (1)
   [ ] Canard WC (1)
   [ ] Casino Tous les jours (1)
   [ ] Cif (1)
   [ ] Eparcyl (1)
   [ ] Henkel (1)
   [ ] La Baleine (1)
   [ ] Mr Propre (1)
   [ ] O'Cedar (1)
   [ ] Sanytol (1)
   [ ] Vitroclen (1)
   [ ] Autre marque (3)
   (BUTTON) Voir plus
   Nettoyant multi surfaces Casino - 1,25 l Nettoyant multi surfaces
   Casino - 1,25 l
   Nettoyant multi surfaces Casino
   la bouteille de 1,25 l
   1,99 €
   1,59€/Litre
   +
   0___________________
   Nettoyant sol Mr Propre fraîcheur matin - 1,30 l Nettoyant sol Mr
   Propre fraîcheur matin - 1,30 l
   Nettoyant sol Mr Propre fraîcheur matin St Marc
   le flacon de 1,3 l
   3,39 €
   2,61€/Litre
   +
   0___________________
   Nettoyant sol Vigor Henkel - 1,3 l Nettoyant sol Vigor Henkel - 1,3 l
   Nettoyant sol Vigor Henkel
   le flacon de 1,3 l
   2,69 €
   2,07€/Litre
   +
   0___________________
   Nettoyant sol Ajax senteur fête des fleurs muguet - 1,25 l Nettoyant
   sol Ajax senteur fête des fleurs muguet - 1,25 l
   Nettoyant sol senteur fête des fleurs muguet Ajax
   le flacon de 1,25 l
   2,59 €
   2,07€/Litre
   +
   0___________________
   Lingettes nettoyantes citron Mr Propre - 60 lingettes Lingettes
   nettoyantes citron Mr Propre - 60 lingettes
   Lingettes nettoyantes citron Mr Propre
   le paquet de 60 lingettes
   3,65 €
   +
   0___________________
   20 serpillières jetables désinfectantes anti-allergènes St-Marc 20
   serpillières jetables désinfectantes anti-allergènes St-Marc
   Serpillères jetables anti-bactériennes St-Marc
   le paquet
   3,75 €
   +
   0___________________
   80 lingettes multi-usages antibactériennes Carolin 80 lingettes
   multi-usages antibactériennes Carolin
   80 lingettes multi-usages antibactériennes Carolin
   le paquet
   4,75 €
   +
   0___________________
   Nettoyant vitres Ajax triple action pistolet - 750 ml Nettoyant vitres
   Ajax triple action pistolet - 750 ml
   Spray nettoyant vitres triple action Ajax
   le spray de 750 ml
   3,49 €
   4,65€/Litre
   +
   0___________________
   Nettoyant vitres Ajax triple action recharge Ajax - 750 ml Nettoyant
   vitres Ajax triple action recharge Ajax - 750 ml
   Nettoyant vitres Ajax triple action recharge Ajax
   le flacon de 750 ml
   2,29 €
   2,94€/Litre
   +
   0___________________
   Dégraissant multi-usages Le chêne et le Roseau - 500 ml Dégraissant
   multi-usages Le chêne et le Roseau - 500 ml
   Dégraissant multi-usages Le chêne et le Roseau
   le spray de 500 ml
   5,70 €
   11,40€/Litre
   +
   0___________________
   Nettoyant pour les vitres Le chêne et le Roseau - 500 ml Nettoyant pour
   les vitres Le chêne et le Roseau - 500 ml
   Nettoyant pour les vitres Le chêne et le Roseau
   le spray de 500 ml
   5,50 €
   11,00€/Litre
   +
   0___________________
   Savon noir liquide à l'huile d'olive Le chêne et le Roseau - 1 l Savon
   noir liquide à l'huile d'olive Le chêne et le Roseau - 1 l
   Savon noir liquide à l'huile d'olive Le chêne et le Roseau
   la bouteille de 1 l
   9,90 €
   9,90€/Litre
   +
   0___________________
   Spray cuisine et salle de bain avec javel St Marc - 500 ml Spray
   cuisine et salle de bain avec javel St Marc - 500 ml
   Spray cuisine et salle de bain avec javel St Marc
   le spray de 500 ml
   2,59 €
   5,18€/Litre
   Dépoussiérant tous types de bois O'Cedar - 300 ml Dépoussiérant tous
   types de bois O'Cedar - 300 ml
   Dépoussiérant tous types de bois O'Cedar
   l'aérosol de 300 ml
   3,29 €
   10,97€/Litre
   Anti-calcaire Antikal Fresh - 500 ml Anti-calcaire Antikal Fresh -
   500 ml
   Anti-calcaire Fresh Antikal
   le flacon de 500 ml
   3,75 €
   7,50€/Litre
   Gel WC fraîcheur marine Casino - 750 ml Gel WC fraîcheur marine Casino
   - 750 ml
   Gel WC fraîcheur marine Casino
   le flacon de 750 ml
   1,45 €
   1,93€/Litre
   Nettoyant WC Canard WC Gel Action Intense - 750 ml Nettoyant WC Canard
   WC Gel Action Intense - 750 ml
   Nettoyant WC gel action intense Canard WC
   le flacon de 750 ml
   2,65 €
   3,32€/Litre
   Nettoyant sol Carolin savon noir - 1 l Nettoyant sol Carolin savon noir
   - 1 l
   Nettoyant sol savon noir Carolin
   le flacon de 1 l
   4,99 €
   4,99€/Litre
   Nettoyant sols et surfaces Sanytol - 1 l Nettoyant sols et surfaces
   Sanytol - 1 l
   Nettoyant sols et surfaces Sanytol
   le flacon de 1 l
   3,75 €
   3,75€/Litre
   15 lingettes sol fraîcheur agrume Casino 15 lingettes sol fraîcheur
   agrume Casino
   Lingettes sol fraîcheur agrume Casino
   la pièce
   1,95 €
   Trier
   Meilleure vente Prix croissant Prix / kilo croissant
   Meilleure vente Prix croissant Prix / kilo croissant

   Fin de liste des produits

   Précédent
   1 1 2 3 3
   Suivant
   Masquer le bas de page Afficher le bas de page

   Les avis
   Les commandes des clients toupargel
   Très bien 4,63 / 5,00
   5 étoiles
   30150
   4 étoiles
   9228
   3 étoiles
   1462
   2 étoiles
   494
   1 étoile
   229
   Note calculée à partir de 41563 avis Trusted Shops collectés depuis le
   30.10.2017
   LIVRAISON
   MARCHANDISE
   SERVICE CLIENT
   Avis validés par Trusted Shops

Livraison offerte dès 25€

Plus de 700 livreurs Toupargel partout en France

Des partenariats durables avec des producteurs régionaux

Un service client à votre écoute 7j/7

   Suivre @toupargel #toupargel

   Nos producteurs
   Découvrir

   Nos services
   Newsletter Commande par réfs. catalogue Nos guides Codes de réduction
   Catalogues interactifs Livraison de courses partout en France Boutique
   cadeaux Sélection première commande

   A propos
   FAQ Contact Catalogues Le groupe Toupargel Recettes

   Informations légales
   Mentions légales Politique Données Personnelles Politique Cookies
   Conditions Générales de Vente Crédits

   Paiement sécurisé
   Pour votre santé, évitez de grignoter entre les repas. mangerbouger.fr

   Précédent
   1 (BUTTON) 2 3
   Suivant

   Les avis

   Les commandes des clients toupargel
   Très bien 4,63 / 5,00
   5 étoiles
   30150
   4 étoiles
   9228
   3 étoiles
   1462
   2 étoiles
   494
   1 étoile
   229
   Note calculée à partir de 41563 avis Trusted Shops collectés depuis le
   30.10.2017
   LIVRAISON
   MARCHANDISE
   SERVICE CLIENT
   Avis validés par Trusted Shops

Livraison offerte dès 25€

Plus de 700 livreurs Toupargel partout en France

Des partenariats durables avec des producteurs régionaux

Un service client à votre écoute 7j/7

   Suivre @toupargel #toupargel

   Nos producteurs
   Découvrir

   Nos services

   Newsletter Commande par réfs. catalogue Nos guides Codes de réduction
   Catalogues interactifs Livraison de courses partout en France Boutique
   cadeaux Sélection première commande

   A propos

   FAQ Contact Catalogues Le groupe Toupargel Recettes

   Informations légales

   Mentions légales Politique Données Personnelles Politique Cookies
   Conditions Générales de Vente Crédits

   Paiement sécurisé

   Pour votre santé, évitez de grignoter entre les repas. mangerbouger.fr

   Date de livraison

   Prochaines dates de livraison disponibles pour
   (BUTTON) Modifier

   Le choix définitif de votre date et horaire de livraison ne se fera que
   lors de la validation de votre commande.
   (BUTTON) Je fais mes courses Je me connecte

   Prochaines dates de livraison disponibles
   Renseignez votre adresse pour connaître votre
   prochain créneau de livraison :
   ____________________
   ____________________
   [Ville]
   (BUTTON) Valider Je me connecte

   Abonnement newsletter
   delivery
   Abonnez-vous à nos newsletters et gagnez 5€
   Promos du moment, envies de saison, blog, recettes ...
   ____________________
   (BUTTON) M'ABONNER

   Choix du code postal
   Votre code postal
   Votre code postal
   Nous avons besoin de votre code postal pour l'ajout de produits au
   panier
   ____________________
   [Sélectionnez votre villee]
   (BUTTON) Poursuivre mes achats Se connecter

   T-Card
   Attention, vous allez perdre vos promotions !
   En supprimant votre Carte T de votre panier, vous perdez vos
   promotions. Votre panier sera recalculé.
   (BUTTON) Supprimer la carte Annuler

   Informations relatives aux cookies
   En poursuivant votre navigation sans modifier vos paramètres, vous
   acceptez l'utilisation des cookies ou technologies similaires pour
   disposer de services et d'offres adaptés à vos centres d'intérêts, la
   possibilité de partager les contenus sur les réseaux sociaux ainsi que
   pour la sécurisation des transactions sur notre site. Pour plus
   d'informations, gérer ou modifier les paramètres, cliquez-ici
   (BUTTON) J'ai compris
   IFRAME: https://www.googletagmanager.com/ns.html?id=GTM-MKBHWZ

   Frais, épicerie et surgelé livrés à domicile !
   ____________________
   Livraison
     * Connexion/Inscription

   0
   0,00€
   ____________________

   Frais, épicerie et surgelé livrés à domicile !
   Connexion/Inscription
     * Promotions
       Promotions
          + Promotions surgelés
          + Promotions produits frais
          + Promotions épicerie
          + Promotions eaux et boissons
          + Promotions hygiène, beauté et bébé
          + Tout afficher
     * Surgelés
       Surgelés
          + Promotions surgelés
          + Glaces et sorbets
            Glaces et sorbets
               o Bio
               o Bâtonnets
               o Cônes et cornets
               o Barres glacées et snacking
               o Bacs crèmes glacées
               o Bacs sorbets
               o Pots de glace
               o Glaces pour enfants
               o Desserts glacés individuels
               o Desserts glacés à partager
               o Sauces, coulis et fruits surgelés
               o Marque Häagen-Dazs
               o Marque Magnum
               o Marque Extrême
               o Marque Carte d'Or
               o Tout afficher
          + Légumes, frites et fruits surgelés
            Légumes, frites et fruits surgelés
               o Bio
               o Légumes natures surgelés
               o Légumes cuisinés surgelés
               o Pommes de terres surgelées
               o Frites surgelées
               o Poêlées de légumes surgelées
               o Mélanges de légumes surgelés
               o Purées surgelées
               o Gratins de légumes surgelés
               o Soupes et potages surgelés
               o Herbes aromatiques
               o Fruits surgelés
               o Tout afficher
          + Viandes et volailles surgelées
            Viandes et volailles surgelées
               o Bio
               o Poulet surgelé
               o Steaks hachés surgelés
               o Boeuf surgelé
               o Porc surgelé
               o Veau surgelé
               o Agneau surgelé
               o Viandes barbecue surgelées
               o Viandes d'exception surgelées
               o Autres volailles surgelées
               o Volailles cuisinées surgelées
               o Canard et foie gras surgelés
               o Gibier surgelé
               o Viandes Casher surgelées
               o Volailles Casher surgelées
               o Viandes Halal surgelées
               o Sauces surgelées viandes et volailles
               o Tout afficher
          + Poissons et fruits de mer surgelés
            Poissons et fruits de mer surgelés
               o Bio
               o Cabillaud surgelé
               o Colin surgelé
               o Saumon surgelé
               o Merlu et lieu surgelés
               o Autres poissons surgelés
               o Crevettes surgelées
               o Coquilles Saint Jacques surgelées
               o Autres fruits de mer surgelés
               o Poissons panés et meunières surgelés
               o Moules surgelées
               o Grenouilles surgelées
               o Poissons sans arrêtes
               o Pêche responsable
               o Sauces pour poissons surgelées
               o Tout afficher
          + Pizzas, quiches et tartes surgelées
            Pizzas, quiches et tartes surgelées
               o Bio
               o Pizzas surgelées
               o Les individuelles
               o Tartes et tourtes surgelées
               o Flammekueches
               o Quiches lorraine surgelées
               o Végétarien
               o Sans gluten
               o Tout afficher
          + Plats cuisinés surgelés
            Plats cuisinés surgelés
               o Plats cuisinés à partager
               o Plats individuels à moins de 3 euros
               o Plats individuels gourmets
               o Cuisine du monde surgelée
               o Pâtes et lasagnes surgelées
               o Spécialités régionales
               o Poêlées cuisinées surgelées
               o Plats pour bébé surgelés Yooji
               o Weight Watchers surgelés
               o Tout afficher
          + Entrées surgelées
            Entrées surgelées
               o Bio
               o Feuilletés et paniers surgelés
               o Tartes et quiches surgelées
               o Snacking surgelé
               o Crêpes et galettes surgelées
               o Coquilles Saint Jacques gratinées
               o Autres coquilles gratinées
               o Quenelles et gnocchis surgelés
               o Salades surgelées
               o Autres spécialités
               o Soupes et potages surgelées
               o Escargots surgelés
               o Saumon fumé surgelé
               o Coquillages farcis surgelés
               o Entrées surgelées au foie gras
               o Cassolettes surgelées
               o Tout afficher
          + Apéritifs surgelés
            Apéritifs surgelés
               o Apéritifs à servir chaud
               o Apéritifs à servir froid
               o Cocktails sucrés surgelés
               o Pains surprises surgelés
               o Verrines surgelées
               o Canapés surgelés
               o Cakes et mini-feuilletés surgelés
               o Apéritifs surgelés côté mer
               o Apéritifs surgelés du monde
               o Autres apéritifs surgelés
               o Tout afficher
          + Pâtisseries surgelées
            Pâtisseries surgelées
               o Bio
               o Desserts pâtissiers et entremets surgelés
               o Pâtisseries individuelles surgelées
               o Tartes et tartelettes surgelées
               o Saveur chocolat
               o Spécialités régionales surgelées
               o Petits fours surgelés
               o Macarons surgelés
               o Sauces et coulis surgelés
               o Beurre surgelé
               o Sans gluten
               o Tout afficher
          + Pains et viennoiseries surgelés
            Pains et viennoiseries surgelés
               o Bio
               o Pains surgelés
               o Viennoiseries surgelées
               o Beignets, gaufres et crêpes surgelés
               o Brioches surgelées
               o Pâtes à tarte et pizza surgelées
               o Sans gluten
               o Tout afficher
     * Glaces et sorbets
       Glaces et sorbets
          + Bio
          + Bâtonnets
          + Cônes et cornets
          + Barres glacées et snacking
          + Bacs crèmes glacées
          + Bacs sorbets
          + Pots de glace
          + Desserts glacés individuels
          + Desserts glacés à partager
          + Glaces pour enfants
          + Sauces, coulis et fruits surgelés
          + Marque Magnum
          + Marque Carte d'Or
          + Marque Häagen-Dazs
          + Marque Extrême
          + Tout afficher
     * Bio by Naturalia
       Bio by Naturalia
          + Promotions bio
          + Fruits et légumes bio
            Fruits et légumes bio
               o Légumes bio
               o Fruits bio
               o Jus de fruits bio
               o Jus de légumes bio
               o Fruits secs bio
               o Tout afficher
          + Produits laitiers et fromages bio
            Produits laitiers et fromages bio
               o Yaourts et fromages blancs bio
               o Fromages bio
               o Beurres, margarines et crèmes bio
               o Crèmes desserts bio
               o Laits bio
               o Yaourts et fromages sans lactose
               o Tout afficher
          + Le frais et les oeufs bio
            Le frais et les oeufs bio
               o Traiteur bio
               o Oeufs bio
               o Charcuterie bio
               o Traiteur de la mer bio
               o Tout afficher
          + Pains et viennoiseries bio
            Pains et viennoiseries bio
               o Pains bio
               o Viennoiseries et brioches bio
               o Pains sans gluten
               o Tout afficher
          + Epicerie salée bio
            Epicerie salée bio
               o Huiles et vinaigres bio
               o Conserves de légumes bio
               o Conserves de poissons bio
               o Sauces et aides à la cuisine bio
               o Plats cuisinés bio
               o Légumes secs et graines bio
               o Riz bio
               o Pâtes bio
               o Semoules, céréales et purées bio
               o Soupes et croûtons bio
               o Apéritifs et chips bio
               o Tartinades de légumes bio
               o Terrines et pâtés bio
               o Sel, poivre et épices bio
               o Moutarde, mayonnaise et ketchup bio
               o Cornichons, olives et câpres bio
               o Sans gluten
               o Tout afficher
          + Epicerie sucrée bio
            Epicerie sucrée bio
               o Céréales bio
               o Biscottes, pains grillés et galettes bio
               o Sucres, farines et levures bio
               o Biscuits, cookies et sablés bio
               o Pâte à tartiner bio
               o Compotes, fruits sirop et flans bio
               o Café et boissons chocolatées bio
               o Chicorées et substituts café bio
               o Thés et infusions bio
               o Confitures bio
               o Miel bio
               o Chocolats bio
               o Cakes, madeleines et crêpes bio
               o Fruits secs bio
               o Sans gluten
               o Tout afficher
          + Surgelés bio
            Surgelés bio
               o Glaces bio
               o Légumes surgelés bio
               o Fruits surgelés bio
               o Viandes surgelées bio
               o Volailles surgelées bio
               o Produits de la mer surgelés bio
               o Pizzas, quiches et tartes surgelés bio
               o Apéritifs et entrées surgelés bio
               o Pâtisseries surgelées bio
               o Pains surgelés bio
               o Surgelé Bébé bio
               o Surgelés bio sans gluten
               o Tout afficher
          + Boissons bio
            Boissons bio
               o Jus de fruits bio
               o Laits bio
               o Boissons végétales bio
               o Eaux
               o Vins et champagnes bio
               o Bières bio
               o Cola et boissons gazeuses bio
               o Sirops bio
               o Jus de légumes bio
               o Jus de fruits frais bio
               o Thé glacé et Kombucha bio
               o Cidres bio
               o Bières sans gluten
               o Tout afficher
          + Maison et animaux bio
            Maison et animaux bio
               o Nettoyants et accessoires ménagers bio
               o Linge bio
               o Vaisselle bio
               o Chats bio
               o Chiens bio
               o Tout afficher
          + Hygiène, beauté et bébé bio
            Hygiène, beauté et bébé bio
               o Alimentation bébé bio
               o Soins visage et corps bio
               o Soins Cheveux bio
               o Compléments alimentaires bio
               o Papier toilette
               o Soins et rasage homme bio
               o Tout afficher
          + Sans gluten et végan bio
            Sans gluten et végan bio
               o Produits sans gluten Bio
               o Produits vegan Bio
               o Tout afficher
     * Epicerie salée
       Epicerie salée
          + Bio
            Bio
               o Huiles et vinaigres bio
               o Conserves de légumes bio
               o Conserves de poissons bio
               o Sauces et aides à la cuisine bio
               o Plats cuisinés bio
               o Légumes secs et graines bio
               o Riz bio
               o Pâtes bio
               o Semoules, céréales et purées bio
               o Soupes et croûtons bio
               o Biscuits apéritif et chips bio
               o Tartinades de légumes bio
               o Terrines et pâtés bio
               o Sels, poivres et épices bio
               o Moutarde, mayonnaise et ketchup bio
               o Cornichons, olives et câpres bio
               o Epicerie salée sans gluten
               o Tout afficher
          + Pâtes, riz et féculents
            Pâtes, riz et féculents
               o Pâtes
               o Riz
               o Sauces pour pâtes et riz
               o Purées et polenta
               o Semoule et céréales
               o Légumes secs
               o Tout afficher
          + Conserves et bocaux
            Conserves et bocaux
               o Conserves de légumes
               o Conserves de poissons
               o Terrines et pâtés
               o Tout afficher
          + Plats cuisinés
          + Apéritifs et chips
            Apéritifs et chips
               o Chips
               o Biscuits apéritifs
               o Cacahuètes, pistaches et mélanges
               o Tout afficher
          + Soupes et croûtons
            Soupes et croûtons
               o Soupes en brique
               o Soupes instantanées
               o Soupes déshydratées
               o Soupes de poisson et bisques
               o Croûtons
               o Tout afficher
          + Assaisonnements et condiments
            Assaisonnements et condiments
               o Huiles
               o Vinaigres
               o Sels, poivres et épices
               o Moutarde, mayonnaise et ketchup
               o Cornichons, olives et câpres
               o Tout afficher
          + Sauces, bouillons et Maïzena
            Sauces, bouillons et Maïzena
               o Bouillons et fonds de sauces
               o Sauces et concentrés
               o Crèmes en briques
               o Maïzena, chapelures et farines
               o Tout afficher
     * Epicerie sucrée
       Epicerie sucrée
          + Bio
            Bio
               o Café et boissons chocolatées bio
               o Chicorées et substituts café bio
               o Thés et infusions bio
               o Biscuits, cookies et sablés bio
               o Cakes, madeleines et crêpes bio
               o Fruits secs bio
               o Chocolats bio
               o Biscottes, pains grillés et galettes bio
               o Viennoiseries et brioches bio
               o Confitures bio
               o Miels bio
               o Pâte à tartiner bio
               o Céréales bio
               o Compotes, fruits sirop et flans bio
               o Sucres, farines et levures bio
               o Epicerie sucrée sans gluten
               o Tout afficher
          + Cafés
            Cafés
               o Cafés moulus
               o Cafés solubles et chicorées
               o Compatibles Nespresso
               o Compatibles Senseo
               o Filtres à café
               o Tout afficher
          + Boissons chocolatées et thés
            Boissons chocolatées et thés
               o Chocolat en poudre
               o Thés
               o Infusions
               o Laits en poudre et concentrés
               o Tout afficher
          + Petit déjeuner
            Petit déjeuner
               o Pain de mie
               o Pains grillés et biscottes
               o Céréales
               o Viennoiseries et brioches
               o Biscuits petit déjeuner
               o Confitures
               o Miels et pâtes à tartiner
               o Fruits secs
               o Tout afficher
          + Biscuits
            Biscuits
               o Galettes et sablés
               o Biscuits au chocolat et cookies
               o Palmiers et gaufrettes
               o Biscuits saveurs fruits
               o Petits beurre et accompagnements
               o Biscuits sans gluten
               o Biscuits diététiques
               o Biscuits petit déjeuner
               o Tout afficher
          + Pâtisseries moelleuses
            Pâtisseries moelleuses
               o Madeleines
               o Cakes, pains d'épice
               o Viennoiseries et brioches
               o Spécialités gourmandes
               o Crêpes, pancakes et gaufres
               o Goûters pour enfants
               o Tout afficher
          + Chocolat
            Chocolat
               o Barres au chocolat
               o Tablettes chocolat noir
               o Tablettes chocolat lait et blanc
               o Chocolat pâtissier
               o Assortiments de chocolats
               o Tout afficher
          + Confiseries
            Confiseries
               o Bonbons
               o Bonbons à sucer
               o Caramels
               o Nougats
               o Tout afficher
          + Compotes et fruits au sirop
            Compotes et fruits au sirop
               o Compotes de fruits
               o Fruits au sirop
               o Tout afficher
          + Sucres et Farines
            Sucres et Farines
               o Sucres et édulcorants
               o Farines
               o Aides pâtissières
               o Sans gluten
               o Tout afficher
          + Produits diététiques
            Produits diététiques
               o Infusions et cafés diététiques
               o Biscuits diététiques
               o Tout afficher
     * Fruits et légumes
       Fruits et légumes
          + Bio
            Bio
               o Légumes bio
               o Fruits bio
               o Jus de fruits bio
               o Jus de légumes bio
               o Fruits secs bio
               o Tout afficher
          + Légumes
            Légumes
               o Pommes de terre
               o Tomates
               o Choux
               o Carottes
               o Oignons, échalotes et ails
               o Salades vertes et en sachet
               o Autres légumes frais
               o Assortiment légumes pour soupes
               o Légumes sous vide
               o Herbes aromatiques
               o Tout afficher
          + Fruits
            Fruits
               o Pommes
               o Poires
               o Bananes
               o Oranges
               o Raisins
               o Citrons
               o Autres fruits
               o Fruits secs
               o Tout afficher
          + Jus de fruits et gazpacho
            Jus de fruits et gazpacho
               o Jus de fruits
               o Gazpacho et jus de légumes
               o Tout afficher
          + Les arrivages de la semaine
     * Produits laitiers et fromages
       Produits laitiers et fromages
          + Bio
            Bio
               o Laits bio
               o Oeufs bio
               o Beurres, margarines et crèmes bio
               o Les fromages bio
               o Les yaourts bio
               o Sans lactose
               o Tout afficher
          + Laits
            Laits
               o Laits demi-écrémés
               o Laits écrémés
               o Laits entiers
               o Laits de chèvre
               o Laits en poudre et concentré
               o Tout afficher
          + Beurres et crèmes
            Beurres et crèmes
               o Beurres et margarines
               o Crèmes
               o Tout afficher
          + Fromages
            Fromages
               o Fromage râpé
               o Fromage de chèvre
               o Fromage de brebis
               o Comté, emmental et cantal
               o Camembert
               o Brie et coulommiers
               o Roquefort et bleu
               o Mozzarella
               o Les spécialités de fromage
               o Fromages à la découpe
               o Fromages à tartiner
               o Apéritif, salade et snacking
               o A cuisiner ou manger chaud
               o Fromages pour enfants
               o Fromages allégés
               o Tout afficher
          + Yaourts
            Yaourts
               o Yaourts fruits et sur lit de fruits
               o Fromage blanc et faisselles
               o Yaourts enfants
               o Yaourts natures
               o Tout afficher
          + Desserts
            Desserts
               o Crèmes desserts, mousses et liégeois
               o Compotes et coupes de fruits
               o Riz au lait et crèmes aux oeufs
               o Desserts pâtissiers
               o Tout afficher
          + Producteurs régionaux
     * Le frais et les oeufs
       Le frais et les oeufs
          + Bio
            Bio
               o Oeufs bio
               o Charcuterie bio
               o Rayons frais bio
               o Traiteur de la mer bio
               o Pains et viennoiseries bio
               o Tout afficher
          + Oeufs
          + Charcuteries
            Charcuteries
               o Jambon blanc
               o Jambon de volaille
               o Charcuterie tranchée
               o Saucissons entiers
               o Chorizo
               o Pâtés, terrines et rillettes
               o Saucisses, boudins et andouillettes
               o Lardons, dés et poitrine
               o Viandes cuites et pieds de porcs
               o Nos producteurs régionaux
               o Charcuterie sel réduit
               o Charcuterie sans nitrites
               o Charcuterie Halal
               o Tout afficher
          + Traiteur
            Traiteur
               o Salades composées barquette
               o Entrées et apéritifs
               o Plats cuisinés individuels
               o Plats cuisinés à partager
               o Pâtes fraîches, quenelles et gnocchis
               o Sandwich, burger et snack
               o Pizzas, tartes et quiches
               o Feuilletés et crêpes
               o Pâtes à tarte, pizza et brick
               o Tout afficher
          + Traiteur de la mer
            Traiteur de la mer
               o Poissons fumés et salés
               o Poissons panés
               o Crevettes
               o Moules
               o Surimi
               o Soupes de poisson
               o Plats cuisinés de la mer
               o A tartiner
               o Tout afficher
          + Pains et pâtisseries
            Pains et pâtisseries
               o Pains
               o Pains de mie
               o Pâtisseries fraîches
               o Viennoiseries
               o Brioches
               o Sans gluten
               o Tout afficher
     * Viandes et volailles
       Viandes et volailles
          + Viandes et volailles surgelées
            Viandes et volailles surgelées
               o Bio
               o Poulet surgelé
               o Autres volailles surgelées
               o Volailles cuisinées surgelées
               o Volailles Casher surgelées
               o Steaks hachés surgelés
               o Boeuf surgelé
               o Veau surgelé
               o Porc surgelé
               o Agneau surgelé
               o Canard et foie gras surgelés
               o Gibier surgelé
               o Viandes d'exception surgelées
               o Viandes barbecue surgelées
               o Viandes Casher surgelées
               o Viandes Halal surgelées
               o Sauces surgelées viandes et volailles
               o Tout afficher
          + Viandes
            Viandes
               o Boeuf
               o Porc
               o Saucisses et merguez
               o Veau
               o Agneau et mouton
               o Lapin
               o Viandes cuisinées et marinées
               o Viande origine France
               o Viande Label Rouge
               o Tout afficher
          + Volailles
            Volailles
               o Poulet
               o Dinde
               o Canard
               o Autres volailles
               o Foie et gésiers
               o Panés et nuggets
               o Volaille origine France
               o Volaille Label Rouge
               o Tout afficher
     * Eaux et boissons
       Eaux et boissons
          + Bio
            Bio
               o Laits bio
               o Jus de fruit bio
               o Jus de légumes bio
               o Colas et boissons gazeuses bio
               o Boissons aromatisées et sirops bio
               o Thé glacé et Kombucha bio
               o Sirops bio
               o Vins bio
               o Champagnes et effervescents bio
               o Tout afficher
          + Eaux
            Eaux
               o Eaux plates
               o Eaux gazeuses
               o Eaux aromatisées
               o Petit format
               o Eaux pour bébé
               o Tout afficher
          + Laits
            Laits
               o Laits demi-écrémés
               o Laits écrémés
               o Laits entiers
               o Laits de chèvre
               o Laits en poudre et concentré
               o Tout afficher
          + Jus de fruits et légumes
            Jus de fruits et légumes
               o Jus d'orange
               o Jus de pomme
               o Jus multifruits
               o Tous les jus de fruits
               o Jus de fruits frais
               o Jus de légumes
               o Boissons enfants et à emporter
               o Tout afficher
          + Colas et boissons gazeuses
            Colas et boissons gazeuses
               o Colas
               o Colas light
               o Sodas
               o Sodas light
               o Limonades
               o Tout afficher
          + Boissons aromatisées et Sirops
            Boissons aromatisées et Sirops
               o Ice tea
               o Oasis
               o Jus de cranberry
               o Grenadine et fruits rouges
               o Sirop d'agrumes
               o Autres sirops
               o Tout afficher
          + Bières et cidres
            Bières et cidres
               o Bières
               o Bières sans alcool et panachés
               o Cidres
               o Tout afficher
          + Vins
            Vins
               o Vins rouges
               o Vins blancs
               o Vins rosés
               o Bib et cubi
               o Accessoires à vin
               o Tout afficher
          + Champagnes et effervescents
            Champagnes et effervescents
               o Champagnes
               o Effervescents
               o Tout afficher
          + Alcools
            Alcools
               o Whisky
               o Rhum, gin et vodka
               o Autres spiritueux et apéritifs
               o Apéritifs sans alcool
               o Tout afficher
     * Maison et animaux
       Maison et animaux
          + Bio
            Bio
               o Nettoyant linge écologique
               o Nettoyants vaisselle écologique
               o Nettoyants ménagers écologiques
               o Accessoires ménagers écologiques
               o Chats bio
               o Chiens bio
               o Tout afficher
          + Entretien linge
            Entretien linge
               o Lessive
               o Assouplissant
               o Autre entretien linge
               o Tout afficher
          + Entretien vaisselle
            Entretien vaisselle
               o Lavage lave-vaisselle
               o Liquide vaisselle
               o Entretien lave-vaisselle
               o Tout afficher
          + Entretien maison
            Entretien maison
               o Nettoyants
               o Eaux de javel
               o WC et déboucheurs
               o Tout afficher
          + Accessoires ménagers
            Accessoires ménagers
               o Eponges
               o Essuie tout
               o Sacs poubelles
               o Emballages
               o Tout afficher
          + Désodorisants et insecticides
            Désodorisants et insecticides
               o Désodorisants
               o Insecticides
               o Tout afficher
          + Droguerie
          + Animaux
            Animaux
               o Nourriture chat
               o Litières chat
               o Nourriture chien
               o Autres animaux
               o Tout afficher
     * Hygiène, beauté et bébé
       Hygiène, beauté et bébé
          + Bio
            Bio
               o Hygiène et beauté bio
               o Bébé bio
               o Tout afficher
          + Hygiène et beauté
            Hygiène et beauté
               o Papier toilette
               o Mouchoirs et cotons
               o Parapharmacie
               o Soins du visage et du corps
               o Soins des cheveux
               o Hygiène dentaire
               o Savons et savons liquides
               o Hygiène féminine
               o Soins des hommes
               o Tout afficher
          + Bébé
            Bébé
               o Laits et eaux
               o Alimentation bébé
               o Couches, lingettes et cotons
               o Tout afficher
          + Compléments alimentaires
     * Préférences alimentaires
       Préférences alimentaires
          + Produits sans gluten
            Produits sans gluten
               o Épicerie sans gluten
               o Produits surgelés sans gluten
               o Produits frais sans gluten
               o Produits Schär
               o Produits Amy's Kitchen
               o Produits Genius
               o Tout afficher
          + Produits végétariens
          + Produits sans lactose
          + Produits Halal
          + Produits Casher
          + Plats Weight Watchers
          + Nutrisens plats mixés
          + Laurent Mariotte
          + Box alimentaire
          + Produits sans sel
          + Produits du terroir français
            Produits du terroir français
               o Spécialités du Sud Ouest
               o Produits alsaciens
               o Spécialités Rhône-Alpes
               o Autres spécialités régionales
               o Tout afficher
               o La famille du mois
          + Sans colorants, sans arôme artificiel
     * Avantages Carte T
     * Les services Toupargel
       Nous contacter Les questions fréquentes Nos guides Nos recettes
       L’application mobile
     *

   Promotions Promotions
   Promotions
   Promotions surgelés
   Promotions produits frais
   Promotions épicerie
   Promotions eaux et boissons
   Promotions hygiène, beauté et bébé
   Tout afficher
   Surgelés Surgelés
   Surgelés
   Promotions surgelés
   Glaces et sorbets
   Bio Bâtonnets Cônes et cornets Barres glacées et snacking
   Bacs crèmes glacées Bacs sorbets Pots de glace Glaces pour enfants
   Desserts glacés individuels Desserts glacés à partager Sauces, coulis
   et fruits surgelés Marque Häagen-Dazs
   Marque Magnum Marque Extrême Marque Carte d'Or Tout afficher
   Légumes, frites et fruits surgelés
   Bio Légumes natures surgelés Légumes cuisinés surgelés Pommes de terres
   surgelées
   Frites surgelées Poêlées de légumes surgelées Mélanges de légumes
   surgelés Purées surgelées
   Gratins de légumes surgelés Soupes et potages surgelés Herbes
   aromatiques Fruits surgelés
   Tout afficher
   Viandes et volailles surgelées
   Bio Poulet surgelé Steaks hachés surgelés Boeuf surgelé
   Porc surgelé Veau surgelé Agneau surgelé Viandes barbecue surgelées
   Viandes d'exception surgelées Autres volailles surgelées Volailles
   cuisinées surgelées Canard et foie gras surgelés
   Gibier surgelé Viandes Casher surgelées Volailles Casher surgelées
   Viandes Halal surgelées
   Sauces surgelées viandes et volailles Tout afficher
   Poissons et fruits de mer surgelés
   Bio Cabillaud surgelé Colin surgelé Saumon surgelé
   Merlu et lieu surgelés Autres poissons surgelés Crevettes surgelées
   Coquilles Saint Jacques surgelées
   Autres fruits de mer surgelés Poissons panés et meunières surgelés
   Moules surgelées Grenouilles surgelées
   Poissons sans arrêtes Pêche responsable Sauces pour poissons surgelées
   Tout afficher
   Pizzas, quiches et tartes surgelées
   Bio Pizzas surgelées Les individuelles Tartes et tourtes surgelées
   Flammekueches Quiches lorraine surgelées Végétarien Sans gluten
   Tout afficher
   Plats cuisinés surgelés
   Plats cuisinés à partager Plats individuels à moins de 3 euros Plats
   individuels gourmets Cuisine du monde surgelée
   Pâtes et lasagnes surgelées Spécialités régionales Poêlées cuisinées
   surgelées Plats pour bébé surgelés Yooji
   Weight Watchers surgelés Tout afficher
   Entrées surgelées
   Bio Feuilletés et paniers surgelés Tartes et quiches surgelées Snacking
   surgelé
   Crêpes et galettes surgelées Coquilles Saint Jacques gratinées Autres
   coquilles gratinées Quenelles et gnocchis surgelés
   Salades surgelées Autres spécialités Soupes et potages surgelées
   Escargots surgelés
   Saumon fumé surgelé Coquillages farcis surgelés Entrées surgelées au
   foie gras Cassolettes surgelées
   Tout afficher
   Apéritifs surgelés
   Apéritifs à servir chaud Apéritifs à servir froid Cocktails sucrés
   surgelés Pains surprises surgelés
   Verrines surgelées Canapés surgelés Cakes et mini-feuilletés surgelés
   Apéritifs surgelés côté mer
   Apéritifs surgelés du monde Autres apéritifs surgelés Tout afficher
   Pâtisseries surgelées
   Bio Desserts pâtissiers et entremets surgelés Pâtisseries individuelles
   surgelées Tartes et tartelettes surgelées
   Saveur chocolat Spécialités régionales surgelées Petits fours surgelés
   Macarons surgelés
   Sauces et coulis surgelés Beurre surgelé Sans gluten Tout afficher
   Pains et viennoiseries surgelés
   Bio Pains surgelés Viennoiseries surgelées Beignets, gaufres et crêpes
   surgelés
   Brioches surgelées Pâtes à tarte et pizza surgelées Sans gluten Tout
   afficher
   Glaces et sorbets Glaces et sorbets
   Glaces et sorbets
   Bio
   Bâtonnets
   Cônes et cornets
   Barres glacées et snacking
   Bacs crèmes glacées
   Bacs sorbets
   Pots de glace
   Desserts glacés individuels
   Desserts glacés à partager
   Glaces pour enfants
   Sauces, coulis et fruits surgelés
   Marque Magnum
   Marque Carte d'Or
   Marque Häagen-Dazs
   Marque Extrême
   Tout afficher
   Bio by Naturalia Bio by Naturalia
   Bio by Naturalia
   Promotions bio
   Fruits et légumes bio
   Légumes bio Fruits bio Jus de fruits bio Jus de légumes bio
   Fruits secs bio Tout afficher
   Produits laitiers et fromages bio
   Yaourts et fromages blancs bio Fromages bio Beurres, margarines et
   crèmes bio Crèmes desserts bio
   Laits bio Yaourts et fromages sans lactose Tout afficher
   Le frais et les oeufs bio
   Traiteur bio Oeufs bio Charcuterie bio Traiteur de la mer bio
   Tout afficher
   Pains et viennoiseries bio
   Pains bio Viennoiseries et brioches bio Pains sans gluten Tout afficher
   Epicerie salée bio
   Huiles et vinaigres bio Conserves de légumes bio Conserves de poissons
   bio Sauces et aides à la cuisine bio
   Plats cuisinés bio Légumes secs et graines bio Riz bio Pâtes bio
   Semoules, céréales et purées bio Soupes et croûtons bio Apéritifs et
   chips bio Tartinades de légumes bio
   Terrines et pâtés bio Sel, poivre et épices bio Moutarde, mayonnaise et
   ketchup bio Cornichons, olives et câpres bio
   Sans gluten Tout afficher
   Epicerie sucrée bio
   Céréales bio Biscottes, pains grillés et galettes bio Sucres, farines
   et levures bio Biscuits, cookies et sablés bio
   Pâte à tartiner bio Compotes, fruits sirop et flans bio Café et
   boissons chocolatées bio Chicorées et substituts café bio
   Thés et infusions bio Confitures bio Miel bio Chocolats bio
   Cakes, madeleines et crêpes bio Fruits secs bio Sans gluten Tout
   afficher
   Surgelés bio
   Glaces bio Légumes surgelés bio Fruits surgelés bio Viandes surgelées
   bio
   Volailles surgelées bio Produits de la mer surgelés bio Pizzas, quiches
   et tartes surgelés bio Apéritifs et entrées surgelés bio
   Pâtisseries surgelées bio Pains surgelés bio Surgelé Bébé bio Surgelés
   bio sans gluten
   Tout afficher
   Boissons bio
   Jus de fruits bio Laits bio Boissons végétales bio Eaux
   Vins et champagnes bio Bières bio Cola et boissons gazeuses bio Sirops
   bio
   Jus de légumes bio Jus de fruits frais bio Thé glacé et Kombucha bio
   Cidres bio
   Bières sans gluten Tout afficher
   Maison et animaux bio
   Nettoyants et accessoires ménagers bio Linge bio Vaisselle bio Chats
   bio
   Chiens bio Tout afficher
   Hygiène, beauté et bébé bio
   Alimentation bébé bio Soins visage et corps bio Soins Cheveux bio
   Compléments alimentaires bio
   Papier toilette Soins et rasage homme bio Tout afficher
   Sans gluten et végan bio
   Produits sans gluten Bio Produits vegan Bio Tout afficher
   Epicerie salée Epicerie salée
   Epicerie salée
   Bio
   Huiles et vinaigres bio Conserves de légumes bio Conserves de poissons
   bio Sauces et aides à la cuisine bio
   Plats cuisinés bio Légumes secs et graines bio Riz bio Pâtes bio
   Semoules, céréales et purées bio Soupes et croûtons bio Biscuits
   apéritif et chips bio Tartinades de légumes bio
   Terrines et pâtés bio Sels, poivres et épices bio Moutarde, mayonnaise
   et ketchup bio Cornichons, olives et câpres bio
   Epicerie salée sans gluten Tout afficher
   Pâtes, riz et féculents
   Pâtes Riz Sauces pour pâtes et riz Purées et polenta
   Semoule et céréales Légumes secs Tout afficher
   Conserves et bocaux
   Conserves de légumes Conserves de poissons Terrines et pâtés Tout
   afficher
   Plats cuisinés
   Apéritifs et chips
   Chips Biscuits apéritifs Cacahuètes, pistaches et mélanges Tout
   afficher
   Soupes et croûtons
   Soupes en brique Soupes instantanées Soupes déshydratées Soupes de
   poisson et bisques
   Croûtons Tout afficher
   Assaisonnements et condiments
   Huiles Vinaigres Sels, poivres et épices Moutarde, mayonnaise et
   ketchup
   Cornichons, olives et câpres Tout afficher
   Sauces, bouillons et Maïzena
   Bouillons et fonds de sauces Sauces et concentrés Crèmes en briques
   Maïzena, chapelures et farines
   Tout afficher
   Epicerie sucrée Epicerie sucrée
   Epicerie sucrée
   Bio
   Café et boissons chocolatées bio Chicorées et substituts café bio Thés
   et infusions bio Biscuits, cookies et sablés bio
   Cakes, madeleines et crêpes bio Fruits secs bio Chocolats bio
   Biscottes, pains grillés et galettes bio
   Viennoiseries et brioches bio Confitures bio Miels bio Pâte à tartiner
   bio
   Céréales bio Compotes, fruits sirop et flans bio Sucres, farines et
   levures bio Epicerie sucrée sans gluten
   Tout afficher
   Cafés
   Cafés moulus Cafés solubles et chicorées Compatibles Nespresso
   Compatibles Senseo
   Filtres à café Tout afficher
   Boissons chocolatées et thés
   Chocolat en poudre Thés Infusions Laits en poudre et concentrés
   Tout afficher
   Petit déjeuner
   Pain de mie Pains grillés et biscottes Céréales Viennoiseries et
   brioches
   Biscuits petit déjeuner Confitures Miels et pâtes à tartiner Fruits
   secs
   Tout afficher
   Biscuits
   Galettes et sablés Biscuits au chocolat et cookies Palmiers et
   gaufrettes Biscuits saveurs fruits
   Petits beurre et accompagnements Biscuits sans gluten Biscuits
   diététiques Biscuits petit déjeuner
   Tout afficher
   Pâtisseries moelleuses
   Madeleines Cakes, pains d'épice Viennoiseries et brioches Spécialités
   gourmandes
   Crêpes, pancakes et gaufres Goûters pour enfants Tout afficher
   Chocolat
   Barres au chocolat Tablettes chocolat noir Tablettes chocolat lait et
   blanc Chocolat pâtissier
   Assortiments de chocolats Tout afficher
   Confiseries
   Bonbons Bonbons à sucer Caramels Nougats
   Tout afficher
   Compotes et fruits au sirop
   Compotes de fruits Fruits au sirop Tout afficher
   Sucres et Farines
   Sucres et édulcorants Farines Aides pâtissières Sans gluten
   Tout afficher
   Produits diététiques
   Infusions et cafés diététiques Biscuits diététiques Tout afficher
   Fruits et légumes Fruits et légumes
   Fruits et légumes
   Bio
   Légumes bio Fruits bio Jus de fruits bio Jus de légumes bio
   Fruits secs bio Tout afficher
   Légumes
   Pommes de terre Tomates Choux Carottes
   Oignons, échalotes et ails Salades vertes et en sachet Autres légumes
   frais Assortiment légumes pour soupes
   Légumes sous vide Herbes aromatiques Tout afficher
   Fruits
   Pommes Poires Bananes Oranges
   Raisins Citrons Autres fruits Fruits secs
   Tout afficher
   Jus de fruits et gazpacho
   Jus de fruits Gazpacho et jus de légumes Tout afficher
   Les arrivages de la semaine
   Produits laitiers et fromages Produits laitiers et fromages
   Produits laitiers et fromages
   Bio
   Laits bio Oeufs bio Beurres, margarines et crèmes bio Les fromages bio
   Les yaourts bio Sans lactose Tout afficher
   Laits
   Laits demi-écrémés Laits écrémés Laits entiers Laits de chèvre
   Laits en poudre et concentré Tout afficher
   Beurres et crèmes
   Beurres et margarines Crèmes Tout afficher
   Fromages
   Fromage râpé Fromage de chèvre Fromage de brebis Comté, emmental et
   cantal
   Camembert Brie et coulommiers Roquefort et bleu Mozzarella
   Les spécialités de fromage Fromages à la découpe Fromages à tartiner
   Apéritif, salade et snacking
   A cuisiner ou manger chaud Fromages pour enfants Fromages allégés Tout
   afficher
   Yaourts
   Yaourts fruits et sur lit de fruits Fromage blanc et faisselles Yaourts
   enfants Yaourts natures
   Tout afficher
   Desserts
   Crèmes desserts, mousses et liégeois Compotes et coupes de fruits Riz
   au lait et crèmes aux oeufs Desserts pâtissiers
   Tout afficher
   Producteurs régionaux
   Le frais et les oeufs Le frais et les oeufs
   Le frais et les oeufs
   Bio
   Oeufs bio Charcuterie bio Rayons frais bio Traiteur de la mer bio
   Pains et viennoiseries bio Tout afficher
   Oeufs
   Charcuteries
   Jambon blanc Jambon de volaille Charcuterie tranchée Saucissons entiers
   Chorizo Pâtés, terrines et rillettes Saucisses, boudins et
   andouillettes Lardons, dés et poitrine
   Viandes cuites et pieds de porcs Nos producteurs régionaux Charcuterie
   sel réduit Charcuterie sans nitrites
   Charcuterie Halal Tout afficher
   Traiteur
   Salades composées barquette Entrées et apéritifs Plats cuisinés
   individuels Plats cuisinés à partager
   Pâtes fraîches, quenelles et gnocchis Sandwich, burger et snack Pizzas,
   tartes et quiches Feuilletés et crêpes
   Pâtes à tarte, pizza et brick Tout afficher
   Traiteur de la mer
   Poissons fumés et salés Poissons panés Crevettes Moules
   Surimi Soupes de poisson Plats cuisinés de la mer A tartiner
   Tout afficher
   Pains et pâtisseries
   Pains Pains de mie Pâtisseries fraîches Viennoiseries
   Brioches Sans gluten Tout afficher
   Viandes et volailles Viandes et volailles
   Viandes et volailles
   Viandes et volailles surgelées
   Bio Poulet surgelé Autres volailles surgelées Volailles cuisinées
   surgelées
   Volailles Casher surgelées Steaks hachés surgelés Boeuf surgelé Veau
   surgelé
   Porc surgelé Agneau surgelé Canard et foie gras surgelés Gibier surgelé
   Viandes d'exception surgelées Viandes barbecue surgelées Viandes Casher
   surgelées Viandes Halal surgelées
   Sauces surgelées viandes et volailles Tout afficher
   Viandes
   Boeuf Porc Saucisses et merguez Veau
   Agneau et mouton Lapin Viandes cuisinées et marinées Viande origine
   France
   Viande Label Rouge Tout afficher
   Volailles
   Poulet Dinde Canard Autres volailles
   Foie et gésiers Panés et nuggets Volaille origine France Volaille Label
   Rouge
   Tout afficher
   Eaux et boissons Eaux et boissons
   Eaux et boissons
   Bio
   Laits bio Jus de fruit bio Jus de légumes bio Colas et boissons
   gazeuses bio
   Boissons aromatisées et sirops bio Thé glacé et Kombucha bio Sirops bio
   Vins bio
   Champagnes et effervescents bio Tout afficher
   Eaux
   Eaux plates Eaux gazeuses Eaux aromatisées Petit format
   Eaux pour bébé Tout afficher
   Laits
   Laits demi-écrémés Laits écrémés Laits entiers Laits de chèvre
   Laits en poudre et concentré Tout afficher
   Jus de fruits et légumes
   Jus d'orange Jus de pomme Jus multifruits Tous les jus de fruits
   Jus de fruits frais Jus de légumes Boissons enfants et à emporter Tout
   afficher
   Colas et boissons gazeuses
   Colas Colas light Sodas Sodas light
   Limonades Tout afficher
   Boissons aromatisées et Sirops
   Ice tea Oasis Jus de cranberry Grenadine et fruits rouges
   Sirop d'agrumes Autres sirops Tout afficher
   Bières et cidres
   Bières Bières sans alcool et panachés Cidres Tout afficher
   Vins
   Vins rouges Vins blancs Vins rosés Bib et cubi
   Accessoires à vin Tout afficher
   Champagnes et effervescents
   Champagnes Effervescents Tout afficher
   Alcools
   Whisky Rhum, gin et vodka Autres spiritueux et apéritifs Apéritifs sans
   alcool
   Tout afficher
   Maison et animaux Maison et animaux
   Maison et animaux
   Bio
   Nettoyant linge écologique Nettoyants vaisselle écologique Nettoyants
   ménagers écologiques Accessoires ménagers écologiques
   Chats bio Chiens bio Tout afficher
   Entretien linge
   Lessive Assouplissant Autre entretien linge Tout afficher
   Entretien vaisselle
   Lavage lave-vaisselle Liquide vaisselle Entretien lave-vaisselle Tout
   afficher
   Entretien maison
   Nettoyants Eaux de javel WC et déboucheurs Tout afficher
   Accessoires ménagers
   Eponges Essuie tout Sacs poubelles Emballages
   Tout afficher
   Désodorisants et insecticides
   Désodorisants Insecticides Tout afficher
   Droguerie
   Animaux
   Nourriture chat Litières chat Nourriture chien Autres animaux
   Tout afficher
   Hygiène, beauté et bébé Hygiène, beauté et bébé
   Hygiène, beauté et bébé
   Bio
   Hygiène et beauté bio Bébé bio Tout afficher
   Hygiène et beauté
   Papier toilette Mouchoirs et cotons Parapharmacie Soins du visage et du
   corps
   Soins des cheveux Hygiène dentaire Savons et savons liquides Hygiène
   féminine
   Soins des hommes Tout afficher
   Bébé
   Laits et eaux Alimentation bébé Couches, lingettes et cotons Tout
   afficher
   Compléments alimentaires
   Préférences alimentaires Préférences alimentaires
   Préférences alimentaires
   Produits sans gluten
   Épicerie sans gluten Produits surgelés sans gluten Produits frais sans
   gluten Produits Schär
   Produits Amy's Kitchen Produits Genius Tout afficher
   Produits végétariens
   Produits sans lactose
   Produits Halal
   Produits Casher
   Plats Weight Watchers
   Nutrisens plats mixés
   Laurent Mariotte
   Box alimentaire
   Produits sans sel
   Produits du terroir français
   Spécialités du Sud Ouest Produits alsaciens Spécialités Rhône-Alpes
   Autres spécialités régionales
   Tout afficher La famille du mois
   Sans colorants, sans arôme artificiel
   Avantages Carte T Avantages Carte T
   Avantages Carte T
   RETOUR
   ____________________
   fermer
   0
   0,00€

    1. Accueil >

     Maison et animaux >

     Accessoires ménagers >

     Eponges (10)

Eponges

   Eponges Essuie tout Sacs poubelles Emballages Tout afficher
   Filtrer
   Trier

   Eponges Essuie tout Sacs poubelles Emballages Tout afficher
   Filtrer
   Marque
   [ ] Spontex (6)
   [ ] Casino (3)
   [ ] Autre marque (1)
   2 éponges mousse grattantes Casino 2 éponges mousse grattantes Casino
   Eponges mousse grattantes Casino
   le sachet de 2
   1,35 €
   +
   0___________________
   2 éponges végétales grattantes multi-usages Spontex 2 éponges végétales
   grattantes multi-usages Spontex
   Eponges végétales grattantes multi-usages Spontex
   le sachet
   1,99 €
   +
   0___________________
   2 spirales inox éponges gratantes Casino 2 spirales inox éponges
   gratantes Casino
   Spirales inox éponges gratantes Casino
   le sachet de 2
   1,49 €
   +
   0___________________
   2 éponges végétales Casino 2 éponges végétales Casino
   Eponges végétales Casino
   le sachet de 2
   1,75 €
   +
   0___________________
   Pour la fin des vacances un produit volaille offert ! Code COTCOT Pour
   la fin des vacances un produit volaille offert ! Code COTCOT
   2 grattes-éponges Stop-bactéries Spontex 2 grattes-éponges
   Stop-bactéries Spontex
   2 grattes-éponges Stop-bactéries Spontex
   le sachet
   2,45 €
   +
   0___________________
   2 éponges grattantes Gratounett Spontex 2 éponges grattantes Gratounett
   Spontex
   Éponges grattantes Gratounett Spontex
   le sachet
   3,39 €
   +
   0___________________
   2 spirales inox Spiremouss Spontex 2 spirales inox Spiremouss Spontex
   2 spirales inox Spiremouss Spontex
   la pièce
   2,25 €
   +
   0___________________
   2 éponges végétales Spontex 2 éponges végétales Spontex
   2 éponges végétales Spontex
   le sachet
   2,05 €
   +
   0___________________
   Serpillère gaufrée, 60 x 50 cm Serpillère gaufrée, 60 x 50 cm
   Serpillère gaufrée
   la pièce
   1,79 €
   Eponges grattantes Gratounett Spontex - 2 éponges + 1 offerte Eponges
   grattantes Gratounett Spontex - 2 éponges + 1 offerte
   Éponges grattantes Gratounett Spontex
   le lot
   3,39 €
   Trier
   Meilleure vente Prix croissant Prix / kilo croissant
   Meilleure vente Prix croissant Prix / kilo croissant

   Toupargel vous souhaite la bienvenue dans son rayon Éponges ! En
   seulement quelques clics, ces accessoires ménagers se mettent à votre
   disposition, à commencer par les éponges mousse grattantes spécial
   vaisselle. Nettoyez et grattez les moindres particules sur vos verres
   et vos assiettes en achetant en ligne des éponges végétales grattantes.
   Destinées à un usage courant, ces éponges avec fibre extra forte sont
   super absorbantes et résistantes à l’eau de javel diluée. Vous êtes à
   la recherche de paille de fer pour permettre à vos vaisselles de
   retrouver leur éclat ? Choisissez les 2 spirales inox éponges
   grattantes disponibles sur notre site. Pour encore plus d’efficacité,
   procurez-vous des éponges grattantes Gratounett qui, grâce à leur
   texture spécifique et leur propriété stop graisse, permettent un
   nettoyage réussi ! Afin de faciliter le nettoyage de votre salle d’eau,
   Toupargel à votre disposition un lot de 2 éponges végétales spécial
   salle de bain.
   Fin de liste des produits

   (BUTTON) 1
   Les avis
   Les commandes des clients toupargel
   Très bien 4,63 / 5,00
   5 étoiles
   30150
   4 étoiles
   9228
   3 étoiles
   1462
   2 étoiles
   494
   1 étoile
   229
   Note calculée à partir de 41563 avis Trusted Shops collectés depuis le
   30.10.2017
   LIVRAISON
   MARCHANDISE
   SERVICE CLIENT
   Avis validés par Trusted Shops

Livraison offerte dès 25€

Plus de 700 livreurs Toupargel partout en France

Des partenariats durables avec des producteurs régionaux

Un service client à votre écoute 7j/7

   Suivre @toupargel #toupargel
   Nos producteurs
   Découvrir
   Nos services
   Newsletter Commande par réfs. catalogue Nos guides Codes de réduction
   Catalogues interactifs Livraison de courses partout en France Boutique
   cadeaux Sélection première commande
   A propos
   FAQ Contact Catalogues Le groupe Toupargel Recettes
   Informations légales
   Mentions légales Politique Données Personnelles Politique Cookies
   Conditions Générales de Vente Crédits

   Paiement sécurisé

   Pour votre santé, évitez de grignoter entre les repas. mangerbouger.fr

   Date de livraison

   Prochaines dates de livraison disponibles pour
   (BUTTON) Modifier

   Le choix définitif de votre date et horaire de livraison ne se fera que
   lors de la validation de votre commande.
   (BUTTON) Je fais mes courses Je me connecte

   Prochaines dates de livraison disponibles
   Renseignez votre adresse pour connaître votre
   prochain créneau de livraison :
   ____________________
   ____________________
   [Ville]
   (BUTTON) Valider Je me connecte

   Abonnement newsletter
   delivery
   Abonnez-vous à nos newsletters et gagnez 5€
   Promos du moment, envies de saison, blog, recettes ...
   ____________________
   (BUTTON) M'ABONNER

   Choix du code postal
   Votre code postal
   Votre code postal
   Nous avons besoin de votre code postal pour l'ajout de produits au
   panier
   ____________________
   [Sélectionnez votre villee]
   (BUTTON) Poursuivre mes achats Se connecter

   T-Card
   Attention, vous allez perdre vos promotions !
   En supprimant votre Carte T de votre panier, vous perdez vos
   promotions. Votre panier sera recalculé.
   (BUTTON) Supprimer la carte Annuler

   Suivre @toupargel #toupargel

   Nos producteurs
   Découvrir

   Nos services

   Newsletter Commande par réfs. catalogue Nos guides Codes de réduction
   Catalogues interactifs Livraison de courses partout en France Boutique
   cadeaux Sélection première commande

   A propos

   FAQ Contact Catalogues Le groupe Toupargel Recettes

   Informations légales

   Mentions légales Politique Données Personnelles Politique Cookies
   Conditions Générales de Vente Crédits

   Paiement sécurisé

   Pour votre santé, évitez de grignoter entre les repas. mangerbouger.fr

   Informations relatives aux cookies
   En poursuivant votre navigation sans modifier vos paramètres, vous
   acceptez l'utilisation des cookies ou technologies similaires pour
   disposer de services et d'offres adaptés à vos centres d'intérêts, la
   possibilité de partager les contenus sur les réseaux sociaux ainsi que
   pour la sécurisation des transactions sur notre site. Pour plus
   d'informations, gérer ou modifier les paramètres, cliquez-ici
   (BUTTON) J'ai compris
   IFRAME: https://www.googletagmanager.com/ns.html?id=GTM-MKBHWZ

   Frais, épicerie et surgelé livrés à domicile !
   ____________________
   Livraison
     * Connexion/Inscription

   0
   0,00€
   ____________________

   Frais, épicerie et surgelé livrés à domicile !
   Connexion/Inscription
     * Promotions
       Promotions
          + Promotions surgelés
          + Promotions produits frais
          + Promotions épicerie
          + Promotions eaux et boissons
          + Promotions hygiène, beauté et bébé
          + Tout afficher
     * Surgelés
       Surgelés
          + Promotions surgelés
          + Glaces et sorbets
            Glaces et sorbets
               o Bio
               o Bâtonnets
               o Cônes et cornets
               o Barres glacées et snacking
               o Bacs crèmes glacées
               o Bacs sorbets
               o Pots de glace
               o Glaces pour enfants
               o Desserts glacés individuels
               o Desserts glacés à partager
               o Sauces, coulis et fruits surgelés
               o Marque Häagen-Dazs
               o Marque Magnum
               o Marque Extrême
               o Marque Carte d'Or
               o Tout afficher
          + Légumes, frites et fruits surgelés
            Légumes, frites et fruits surgelés
               o Bio
               o Légumes natures surgelés
               o Légumes cuisinés surgelés
               o Pommes de terres surgelées
               o Frites surgelées
               o Poêlées de légumes surgelées
               o Mélanges de légumes surgelés
               o Purées surgelées
               o Gratins de légumes surgelés
               o Soupes et potages surgelés
               o Herbes aromatiques
               o Fruits surgelés
               o Tout afficher
          + Viandes et volailles surgelées
            Viandes et volailles surgelées
               o Bio
               o Poulet surgelé
               o Steaks hachés surgelés
               o Boeuf surgelé
               o Porc surgelé
               o Veau surgelé
               o Agneau surgelé
               o Viandes barbecue surgelées
               o Viandes d'exception surgelées
               o Autres volailles surgelées
               o Volailles cuisinées surgelées
               o Canard et foie gras surgelés
               o Gibier surgelé
               o Viandes Casher surgelées
               o Volailles Casher surgelées
               o Viandes Halal surgelées
               o Sauces surgelées viandes et volailles
               o Tout afficher
          + Poissons et fruits de mer surgelés
            Poissons et fruits de mer surgelés
               o Bio
               o Cabillaud surgelé
               o Colin surgelé
               o Saumon surgelé
               o Merlu et lieu surgelés
               o Autres poissons surgelés
               o Crevettes surgelées
               o Coquilles Saint Jacques surgelées
               o Autres fruits de mer surgelés
               o Poissons panés et meunières surgelés
               o Moules surgelées
               o Grenouilles surgelées
               o Poissons sans arrêtes
               o Pêche responsable
               o Sauces pour poissons surgelées
               o Tout afficher
          + Pizzas, quiches et tartes surgelées
            Pizzas, quiches et tartes surgelées
               o Bio
               o Pizzas surgelées
               o Les individuelles
               o Tartes et tourtes surgelées
               o Flammekueches
               o Quiches lorraine surgelées
               o Végétarien
               o Sans gluten
               o Tout afficher
          + Plats cuisinés surgelés
            Plats cuisinés surgelés
               o Plats cuisinés à partager
               o Plats individuels à moins de 3 euros
               o Plats individuels gourmets
               o Cuisine du monde surgelée
               o Pâtes et lasagnes surgelées
               o Spécialités régionales
               o Poêlées cuisinées surgelées
               o Plats pour bébé surgelés Yooji
               o Weight Watchers surgelés
               o Tout afficher
          + Entrées surgelées
            Entrées surgelées
               o Bio
               o Feuilletés et paniers surgelés
               o Tartes et quiches surgelées
               o Snacking surgelé
               o Crêpes et galettes surgelées
               o Coquilles Saint Jacques gratinées
               o Autres coquilles gratinées
               o Quenelles et gnocchis surgelés
               o Salades surgelées
               o Autres spécialités
               o Soupes et potages surgelées
               o Escargots surgelés
               o Saumon fumé surgelé
               o Coquillages farcis surgelés
               o Entrées surgelées au foie gras
               o Cassolettes surgelées
               o Tout afficher
          + Apéritifs surgelés
            Apéritifs surgelés
               o Apéritifs à servir chaud
               o Apéritifs à servir froid
               o Cocktails sucrés surgelés
               o Pains surprises surgelés
               o Verrines surgelées
               o Canapés surgelés
               o Cakes et mini-feuilletés surgelés
               o Apéritifs surgelés côté mer
               o Apéritifs surgelés du monde
               o Autres apéritifs surgelés
               o Tout afficher
          + Pâtisseries surgelées
            Pâtisseries surgelées
               o Bio
               o Desserts pâtissiers et entremets surgelés
               o Pâtisseries individuelles surgelées
               o Tartes et tartelettes surgelées
               o Saveur chocolat
               o Spécialités régionales surgelées
               o Petits fours surgelés
               o Macarons surgelés
               o Sauces et coulis surgelés
               o Beurre surgelé
               o Sans gluten
               o Tout afficher
          + Pains et viennoiseries surgelés
            Pains et viennoiseries surgelés
               o Bio
               o Pains surgelés
               o Viennoiseries surgelées
               o Beignets, gaufres et crêpes surgelés
               o Brioches surgelées
               o Pâtes à tarte et pizza surgelées
               o Sans gluten
               o Tout afficher
     * Glaces et sorbets
       Glaces et sorbets
          + Bio
          + Bâtonnets
          + Cônes et cornets
          + Barres glacées et snacking
          + Bacs crèmes glacées
          + Bacs sorbets
          + Pots de glace
          + Desserts glacés individuels
          + Desserts glacés à partager
          + Glaces pour enfants
          + Sauces, coulis et fruits surgelés
          + Marque Magnum
          + Marque Carte d'Or
          + Marque Häagen-Dazs
          + Marque Extrême
          + Tout afficher
     * Bio by Naturalia
       Bio by Naturalia
          + Promotions bio
          + Fruits et légumes bio
            Fruits et légumes bio
               o Légumes bio
               o Fruits bio
               o Jus de fruits bio
               o Jus de légumes bio
               o Fruits secs bio
               o Tout afficher
          + Produits laitiers et fromages bio
            Produits laitiers et fromages bio
               o Yaourts et fromages blancs bio
               o Fromages bio
               o Beurres, margarines et crèmes bio
               o Crèmes desserts bio
               o Laits bio
               o Yaourts et fromages sans lactose
               o Tout afficher
          + Le frais et les oeufs bio
            Le frais et les oeufs bio
               o Traiteur bio
               o Oeufs bio
               o Charcuterie bio
               o Traiteur de la mer bio
               o Tout afficher
          + Pains et viennoiseries bio
            Pains et viennoiseries bio
               o Pains bio
               o Viennoiseries et brioches bio
               o Pains sans gluten
               o Tout afficher
          + Epicerie salée bio
            Epicerie salée bio
               o Huiles et vinaigres bio
               o Conserves de légumes bio
               o Conserves de poissons bio
               o Sauces et aides à la cuisine bio
               o Plats cuisinés bio
               o Légumes secs et graines bio
               o Riz bio
               o Pâtes bio
               o Semoules, céréales et purées bio
               o Soupes et croûtons bio
               o Apéritifs et chips bio
               o Tartinades de légumes bio
               o Terrines et pâtés bio
               o Sel, poivre et épices bio
               o Moutarde, mayonnaise et ketchup bio
               o Cornichons, olives et câpres bio
               o Sans gluten
               o Tout afficher
          + Epicerie sucrée bio
            Epicerie sucrée bio
               o Céréales bio
               o Biscottes, pains grillés et galettes bio
               o Sucres, farines et levures bio
               o Biscuits, cookies et sablés bio
               o Pâte à tartiner bio
               o Compotes, fruits sirop et flans bio
               o Café et boissons chocolatées bio
               o Chicorées et substituts café bio
               o Thés et infusions bio
               o Confitures bio
               o Miel bio
               o Chocolats bio
               o Cakes, madeleines et crêpes bio
               o Fruits secs bio
               o Sans gluten
               o Tout afficher
          + Surgelés bio
            Surgelés bio
               o Glaces bio
               o Légumes surgelés bio
               o Fruits surgelés bio
               o Viandes surgelées bio
               o Volailles surgelées bio
               o Produits de la mer surgelés bio
               o Pizzas, quiches et tartes surgelés bio
               o Apéritifs et entrées surgelés bio
               o Pâtisseries surgelées bio
               o Pains surgelés bio
               o Surgelé Bébé bio
               o Surgelés bio sans gluten
               o Tout afficher
          + Boissons bio
            Boissons bio
               o Jus de fruits bio
               o Laits bio
               o Boissons végétales bio
               o Eaux
               o Vins et champagnes bio
               o Bières bio
               o Cola et boissons gazeuses bio
               o Sirops bio
               o Jus de légumes bio
               o Jus de fruits frais bio
               o Thé glacé et Kombucha bio
               o Cidres bio
               o Bières sans gluten
               o Tout afficher
          + Maison et animaux bio
            Maison et animaux bio
               o Nettoyants et accessoires ménagers bio
               o Linge bio
               o Vaisselle bio
               o Chats bio
               o Chiens bio
               o Tout afficher
          + Hygiène, beauté et bébé bio
            Hygiène, beauté et bébé bio
               o Alimentation bébé bio
               o Soins visage et corps bio
               o Soins Cheveux bio
               o Compléments alimentaires bio
               o Papier toilette
               o Soins et rasage homme bio
               o Tout afficher
          + Sans gluten et végan bio
            Sans gluten et végan bio
               o Produits sans gluten Bio
               o Produits vegan Bio
               o Tout afficher
     * Epicerie salée
       Epicerie salée
          + Bio
            Bio
               o Huiles et vinaigres bio
               o Conserves de légumes bio
               o Conserves de poissons bio
               o Sauces et aides à la cuisine bio
               o Plats cuisinés bio
               o Légumes secs et graines bio
               o Riz bio
               o Pâtes bio
               o Semoules, céréales et purées bio
               o Soupes et croûtons bio
               o Biscuits apéritif et chips bio
               o Tartinades de légumes bio
               o Terrines et pâtés bio
               o Sels, poivres et épices bio
               o Moutarde, mayonnaise et ketchup bio
               o Cornichons, olives et câpres bio
               o Epicerie salée sans gluten
               o Tout afficher
          + Pâtes, riz et féculents
            Pâtes, riz et féculents
               o Pâtes
               o Riz
               o Sauces pour pâtes et riz
               o Purées et polenta
               o Semoule et céréales
               o Légumes secs
               o Tout afficher
          + Conserves et bocaux
            Conserves et bocaux
               o Conserves de légumes
               o Conserves de poissons
               o Terrines et pâtés
               o Tout afficher
          + Plats cuisinés
          + Apéritifs et chips
            Apéritifs et chips
               o Chips
               o Biscuits apéritifs
               o Cacahuètes, pistaches et mélanges
               o Tout afficher
          + Soupes et croûtons
            Soupes et croûtons
               o Soupes en brique
               o Soupes instantanées
               o Soupes déshydratées
               o Soupes de poisson et bisques
               o Croûtons
               o Tout afficher
          + Assaisonnements et condiments
            Assaisonnements et condiments
               o Huiles
               o Vinaigres
               o Sels, poivres et épices
               o Moutarde, mayonnaise et ketchup
               o Cornichons, olives et câpres
               o Tout afficher
          + Sauces, bouillons et Maïzena
            Sauces, bouillons et Maïzena
               o Bouillons et fonds de sauces
               o Sauces et concentrés
               o Crèmes en briques
               o Maïzena, chapelures et farines
               o Tout afficher
     * Epicerie sucrée
       Epicerie sucrée
          + Bio
            Bio
               o Café et boissons chocolatées bio
               o Chicorées et substituts café bio
               o Thés et infusions bio
               o Biscuits, cookies et sablés bio
               o Cakes, madeleines et crêpes bio
               o Fruits secs bio
               o Chocolats bio
               o Biscottes, pains grillés et galettes bio
               o Viennoiseries et brioches bio
               o Confitures bio
               o Miels bio
               o Pâte à tartiner bio
               o Céréales bio
               o Compotes, fruits sirop et flans bio
               o Sucres, farines et levures bio
               o Epicerie sucrée sans gluten
               o Tout afficher
          + Cafés
            Cafés
               o Cafés moulus
               o Cafés solubles et chicorées
               o Compatibles Nespresso
               o Compatibles Senseo
               o Filtres à café
               o Tout afficher
          + Boissons chocolatées et thés
            Boissons chocolatées et thés
               o Chocolat en poudre
               o Thés
               o Infusions
               o Laits en poudre et concentrés
               o Tout afficher
          + Petit déjeuner
            Petit déjeuner
               o Pain de mie
               o Pains grillés et biscottes
               o Céréales
               o Viennoiseries et brioches
               o Biscuits petit déjeuner
               o Confitures
               o Miels et pâtes à tartiner
               o Fruits secs
               o Tout afficher
          + Biscuits
            Biscuits
               o Galettes et sablés
               o Biscuits au chocolat et cookies
               o Palmiers et gaufrettes
               o Biscuits saveurs fruits
               o Petits beurre et accompagnements
               o Biscuits sans gluten
               o Biscuits diététiques
               o Biscuits petit déjeuner
               o Tout afficher
          + Pâtisseries moelleuses
            Pâtisseries moelleuses
               o Madeleines
               o Cakes, pains d'épice
               o Viennoiseries et brioches
               o Spécialités gourmandes
               o Crêpes, pancakes et gaufres
               o Goûters pour enfants
               o Tout afficher
          + Chocolat
            Chocolat
               o Barres au chocolat
               o Tablettes chocolat noir
               o Tablettes chocolat lait et blanc
               o Chocolat pâtissier
               o Assortiments de chocolats
               o Tout afficher
          + Confiseries
            Confiseries
               o Bonbons
               o Bonbons à sucer
               o Caramels
               o Nougats
               o Tout afficher
          + Compotes et fruits au sirop
            Compotes et fruits au sirop
               o Compotes de fruits
               o Fruits au sirop
               o Tout afficher
          + Sucres et Farines
            Sucres et Farines
               o Sucres et édulcorants
               o Farines
               o Aides pâtissières
               o Sans gluten
               o Tout afficher
          + Produits diététiques
            Produits diététiques
               o Infusions et cafés diététiques
               o Biscuits diététiques
               o Tout afficher
     * Fruits et légumes
       Fruits et légumes
          + Bio
            Bio
               o Légumes bio
               o Fruits bio
               o Jus de fruits bio
               o Jus de légumes bio
               o Fruits secs bio
               o Tout afficher
          + Légumes
            Légumes
               o Pommes de terre
               o Tomates
               o Choux
               o Carottes
               o Oignons, échalotes et ails
               o Salades vertes et en sachet
               o Autres légumes frais
               o Assortiment légumes pour soupes
               o Légumes sous vide
               o Herbes aromatiques
               o Tout afficher
          + Fruits
            Fruits
               o Pommes
               o Poires
               o Bananes
               o Oranges
               o Raisins
               o Citrons
               o Autres fruits
               o Fruits secs
               o Tout afficher
          + Jus de fruits et gazpacho
            Jus de fruits et gazpacho
               o Jus de fruits
               o Gazpacho et jus de légumes
               o Tout afficher
          + Les arrivages de la semaine
     * Produits laitiers et fromages
       Produits laitiers et fromages
          + Bio
            Bio
               o Laits bio
               o Oeufs bio
               o Beurres, margarines et crèmes bio
               o Les fromages bio
               o Les yaourts bio
               o Sans lactose
               o Tout afficher
          + Laits
            Laits
               o Laits demi-écrémés
               o Laits écrémés
               o Laits entiers
               o Laits de chèvre
               o Laits en poudre et concentré
               o Tout afficher
          + Beurres et crèmes
            Beurres et crèmes
               o Beurres et margarines
               o Crèmes
               o Tout afficher
          + Fromages
            Fromages
               o Fromage râpé
               o Fromage de chèvre
               o Fromage de brebis
               o Comté, emmental et cantal
               o Camembert
               o Brie et coulommiers
               o Roquefort et bleu
               o Mozzarella
               o Les spécialités de fromage
               o Fromages à la découpe
               o Fromages à tartiner
               o Apéritif, salade et snacking
               o A cuisiner ou manger chaud
               o Fromages pour enfants
               o Fromages allégés
               o Tout afficher
          + Yaourts
            Yaourts
               o Yaourts fruits et sur lit de fruits
               o Fromage blanc et faisselles
               o Yaourts enfants
               o Yaourts natures
               o Tout afficher
          + Desserts
            Desserts
               o Crèmes desserts, mousses et liégeois
               o Compotes et coupes de fruits
               o Riz au lait et crèmes aux oeufs
               o Desserts pâtissiers
               o Tout afficher
          + Producteurs régionaux
     * Le frais et les oeufs
       Le frais et les oeufs
          + Bio
            Bio
               o Oeufs bio
               o Charcuterie bio
               o Rayons frais bio
               o Traiteur de la mer bio
               o Pains et viennoiseries bio
               o Tout afficher
          + Oeufs
          + Charcuteries
            Charcuteries
               o Jambon blanc
               o Jambon de volaille
               o Charcuterie tranchée
               o Saucissons entiers
               o Chorizo
               o Pâtés, terrines et rillettes
               o Saucisses, boudins et andouillettes
               o Lardons, dés et poitrine
               o Viandes cuites et pieds de porcs
               o Nos producteurs régionaux
               o Charcuterie sel réduit
               o Charcuterie sans nitrites
               o Charcuterie Halal
               o Tout afficher
          + Traiteur
            Traiteur
               o Salades composées barquette
               o Entrées et apéritifs
               o Plats cuisinés individuels
               o Plats cuisinés à partager
               o Pâtes fraîches, quenelles et gnocchis
               o Sandwich, burger et snack
               o Pizzas, tartes et quiches
               o Feuilletés et crêpes
               o Pâtes à tarte, pizza et brick
               o Tout afficher
          + Traiteur de la mer
            Traiteur de la mer
               o Poissons fumés et salés
               o Poissons panés
               o Crevettes
               o Moules
               o Surimi
               o Soupes de poisson
               o Plats cuisinés de la mer
               o A tartiner
               o Tout afficher
          + Pains et pâtisseries
            Pains et pâtisseries
               o Pains
               o Pains de mie
               o Pâtisseries fraîches
               o Viennoiseries
               o Brioches
               o Sans gluten
               o Tout afficher
     * Viandes et volailles
       Viandes et volailles
          + Viandes et volailles surgelées
            Viandes et volailles surgelées
               o Bio
               o Poulet surgelé
               o Autres volailles surgelées
               o Volailles cuisinées surgelées
               o Volailles Casher surgelées
               o Steaks hachés surgelés
               o Boeuf surgelé
               o Veau surgelé
               o Porc surgelé
               o Agneau surgelé
               o Canard et foie gras surgelés
               o Gibier surgelé
               o Viandes d'exception surgelées
               o Viandes barbecue surgelées
               o Viandes Casher surgelées
               o Viandes Halal surgelées
               o Sauces surgelées viandes et volailles
               o Tout afficher
          + Viandes
            Viandes
               o Boeuf
               o Porc
               o Saucisses et merguez
               o Veau
               o Agneau et mouton
               o Lapin
               o Viandes cuisinées et marinées
               o Viande origine France
               o Viande Label Rouge
               o Tout afficher
          + Volailles
            Volailles
               o Poulet
               o Dinde
               o Canard
               o Autres volailles
               o Foie et gésiers
               o Panés et nuggets
               o Volaille origine France
               o Volaille Label Rouge
               o Tout afficher
     * Eaux et boissons
       Eaux et boissons
          + Bio
            Bio
               o Laits bio
               o Jus de fruit bio
               o Jus de légumes bio
               o Colas et boissons gazeuses bio
               o Boissons aromatisées et sirops bio
               o Thé glacé et Kombucha bio
               o Sirops bio
               o Vins bio
               o Champagnes et effervescents bio
               o Tout afficher
          + Eaux
            Eaux
               o Eaux plates
               o Eaux gazeuses
               o Eaux aromatisées
               o Petit format
               o Eaux pour bébé
               o Tout afficher
          + Laits
            Laits
               o Laits demi-écrémés
               o Laits écrémés
               o Laits entiers
               o Laits de chèvre
               o Laits en poudre et concentré
               o Tout afficher
          + Jus de fruits et légumes
            Jus de fruits et légumes
               o Jus d'orange
               o Jus de pomme
               o Jus multifruits
               o Tous les jus de fruits
               o Jus de fruits frais
               o Jus de légumes
               o Boissons enfants et à emporter
               o Tout afficher
          + Colas et boissons gazeuses
            Colas et boissons gazeuses
               o Colas
               o Colas light
               o Sodas
               o Sodas light
               o Limonades
               o Tout afficher
          + Boissons aromatisées et Sirops
            Boissons aromatisées et Sirops
               o Ice tea
               o Oasis
               o Jus de cranberry
               o Grenadine et fruits rouges
               o Sirop d'agrumes
               o Autres sirops
               o Tout afficher
          + Bières et cidres
            Bières et cidres
               o Bières
               o Bières sans alcool et panachés
               o Cidres
               o Tout afficher
          + Vins
            Vins
               o Vins rouges
               o Vins blancs
               o Vins rosés
               o Bib et cubi
               o Accessoires à vin
               o Tout afficher
          + Champagnes et effervescents
            Champagnes et effervescents
               o Champagnes
               o Effervescents
               o Tout afficher
          + Alcools
            Alcools
               o Whisky
               o Rhum, gin et vodka
               o Autres spiritueux et apéritifs
               o Apéritifs sans alcool
               o Tout afficher
     * Maison et animaux
       Maison et animaux
          + Bio
            Bio
               o Nettoyant linge écologique
               o Nettoyants vaisselle écologique
               o Nettoyants ménagers écologiques
               o Accessoires ménagers écologiques
               o Chats bio
               o Chiens bio
               o Tout afficher
          + Entretien linge
            Entretien linge
               o Lessive
               o Assouplissant
               o Autre entretien linge
               o Tout afficher
          + Entretien vaisselle
            Entretien vaisselle
               o Lavage lave-vaisselle
               o Liquide vaisselle
               o Entretien lave-vaisselle
               o Tout afficher
          + Entretien maison
            Entretien maison
               o Nettoyants
               o Eaux de javel
               o WC et déboucheurs
               o Tout afficher
          + Accessoires ménagers
            Accessoires ménagers
               o Eponges
               o Essuie tout
               o Sacs poubelles
               o Emballages
               o Tout afficher
          + Désodorisants et insecticides
            Désodorisants et insecticides
               o Désodorisants
               o Insecticides
               o Tout afficher
          + Droguerie
          + Animaux
            Animaux
               o Nourriture chat
               o Litières chat
               o Nourriture chien
               o Autres animaux
               o Tout afficher
     * Hygiène, beauté et bébé
       Hygiène, beauté et bébé
          + Bio
            Bio
               o Hygiène et beauté bio
               o Bébé bio
               o Tout afficher
          + Hygiène et beauté
            Hygiène et beauté
               o Papier toilette
               o Mouchoirs et cotons
               o Parapharmacie
               o Soins du visage et du corps
               o Soins des cheveux
               o Hygiène dentaire
               o Savons et savons liquides
               o Hygiène féminine
               o Soins des hommes
               o Tout afficher
          + Bébé
            Bébé
               o Laits et eaux
               o Alimentation bébé
               o Couches, lingettes et cotons
               o Tout afficher
          + Compléments alimentaires
     * Préférences alimentaires
       Préférences alimentaires
          + Produits sans gluten
            Produits sans gluten
               o Épicerie sans gluten
               o Produits surgelés sans gluten
               o Produits frais sans gluten
               o Produits Schär
               o Produits Amy's Kitchen
               o Produits Genius
               o Tout afficher
          + Produits végétariens
          + Produits sans lactose
          + Produits Halal
          + Produits Casher
          + Plats Weight Watchers
          + Nutrisens plats mixés
          + Laurent Mariotte
          + Box alimentaire
          + Produits sans sel
          + Produits du terroir français
            Produits du terroir français
               o Spécialités du Sud Ouest
               o Produits alsaciens
               o Spécialités Rhône-Alpes
               o Autres spécialités régionales
               o Tout afficher
               o La famille du mois
          + Sans colorants, sans arôme artificiel
     * Avantages Carte T
     * Les services Toupargel
       Nous contacter Les questions fréquentes Nos guides Nos recettes
       L’application mobile
     *

   Promotions Promotions
   Promotions
   Promotions surgelés
   Promotions produits frais
   Promotions épicerie
   Promotions eaux et boissons
   Promotions hygiène, beauté et bébé
   Tout afficher
   Surgelés Surgelés
   Surgelés
   Promotions surgelés
   Glaces et sorbets
   Bio Bâtonnets Cônes et cornets Barres glacées et snacking
   Bacs crèmes glacées Bacs sorbets Pots de glace Glaces pour enfants
   Desserts glacés individuels Desserts glacés à partager Sauces, coulis
   et fruits surgelés Marque Häagen-Dazs
   Marque Magnum Marque Extrême Marque Carte d'Or Tout afficher
   Légumes, frites et fruits surgelés
   Bio Légumes natures surgelés Légumes cuisinés surgelés Pommes de terres
   surgelées
   Frites surgelées Poêlées de légumes surgelées Mélanges de légumes
   surgelés Purées surgelées
   Gratins de légumes surgelés Soupes et potages surgelés Herbes
   aromatiques Fruits surgelés
   Tout afficher
   Viandes et volailles surgelées
   Bio Poulet surgelé Steaks hachés surgelés Boeuf surgelé
   Porc surgelé Veau surgelé Agneau surgelé Viandes barbecue surgelées
   Viandes d'exception surgelées Autres volailles surgelées Volailles
   cuisinées surgelées Canard et foie gras surgelés
   Gibier surgelé Viandes Casher surgelées Volailles Casher surgelées
   Viandes Halal surgelées
   Sauces surgelées viandes et volailles Tout afficher
   Poissons et fruits de mer surgelés
   Bio Cabillaud surgelé Colin surgelé Saumon surgelé
   Merlu et lieu surgelés Autres poissons surgelés Crevettes surgelées
   Coquilles Saint Jacques surgelées
   Autres fruits de mer surgelés Poissons panés et meunières surgelés
   Moules surgelées Grenouilles surgelées
   Poissons sans arrêtes Pêche responsable Sauces pour poissons surgelées
   Tout afficher
   Pizzas, quiches et tartes surgelées
   Bio Pizzas surgelées Les individuelles Tartes et tourtes surgelées
   Flammekueches Quiches lorraine surgelées Végétarien Sans gluten
   Tout afficher
   Plats cuisinés surgelés
   Plats cuisinés à partager Plats individuels à moins de 3 euros Plats
   individuels gourmets Cuisine du monde surgelée
   Pâtes et lasagnes surgelées Spécialités régionales Poêlées cuisinées
   surgelées Plats pour bébé surgelés Yooji
   Weight Watchers surgelés Tout afficher
   Entrées surgelées
   Bio Feuilletés et paniers surgelés Tartes et quiches surgelées Snacking
   surgelé
   Crêpes et galettes surgelées Coquilles Saint Jacques gratinées Autres
   coquilles gratinées Quenelles et gnocchis surgelés
   Salades surgelées Autres spécialités Soupes et potages surgelées
   Escargots surgelés
   Saumon fumé surgelé Coquillages farcis surgelés Entrées surgelées au
   foie gras Cassolettes surgelées
   Tout afficher
   Apéritifs surgelés
   Apéritifs à servir chaud Apéritifs à servir froid Cocktails sucrés
   surgelés Pains surprises surgelés
   Verrines surgelées Canapés surgelés Cakes et mini-feuilletés surgelés
   Apéritifs surgelés côté mer
   Apéritifs surgelés du monde Autres apéritifs surgelés Tout afficher
   Pâtisseries surgelées
   Bio Desserts pâtissiers et entremets surgelés Pâtisseries individuelles
   surgelées Tartes et tartelettes surgelées
   Saveur chocolat Spécialités régionales surgelées Petits fours surgelés
   Macarons surgelés
   Sauces et coulis surgelés Beurre surgelé Sans gluten Tout afficher
   Pains et viennoiseries surgelés
   Bio Pains surgelés Viennoiseries surgelées Beignets, gaufres et crêpes
   surgelés
   Brioches surgelées Pâtes à tarte et pizza surgelées Sans gluten Tout
   afficher
   Glaces et sorbets Glaces et sorbets
   Glaces et sorbets
   Bio
   Bâtonnets
   Cônes et cornets
   Barres glacées et snacking
   Bacs crèmes glacées
   Bacs sorbets
   Pots de glace
   Desserts glacés individuels
   Desserts glacés à partager
   Glaces pour enfants
   Sauces, coulis et fruits surgelés
   Marque Magnum
   Marque Carte d'Or
   Marque Häagen-Dazs
   Marque Extrême
   Tout afficher
   Bio by Naturalia Bio by Naturalia
   Bio by Naturalia
   Promotions bio
   Fruits et légumes bio
   Légumes bio Fruits bio Jus de fruits bio Jus de légumes bio
   Fruits secs bio Tout afficher
   Produits laitiers et fromages bio
   Yaourts et fromages blancs bio Fromages bio Beurres, margarines et
   crèmes bio Crèmes desserts bio
   Laits bio Yaourts et fromages sans lactose Tout afficher
   Le frais et les oeufs bio
   Traiteur bio Oeufs bio Charcuterie bio Traiteur de la mer bio
   Tout afficher
   Pains et viennoiseries bio
   Pains bio Viennoiseries et brioches bio Pains sans gluten Tout afficher
   Epicerie salée bio
   Huiles et vinaigres bio Conserves de légumes bio Conserves de poissons
   bio Sauces et aides à la cuisine bio
   Plats cuisinés bio Légumes secs et graines bio Riz bio Pâtes bio
   Semoules, céréales et purées bio Soupes et croûtons bio Apéritifs et
   chips bio Tartinades de légumes bio
   Terrines et pâtés bio Sel, poivre et épices bio Moutarde, mayonnaise et
   ketchup bio Cornichons, olives et câpres bio
   Sans gluten Tout afficher
   Epicerie sucrée bio
   Céréales bio Biscottes, pains grillés et galettes bio Sucres, farines
   et levures bio Biscuits, cookies et sablés bio
   Pâte à tartiner bio Compotes, fruits sirop et flans bio Café et
   boissons chocolatées bio Chicorées et substituts café bio
   Thés et infusions bio Confitures bio Miel bio Chocolats bio
   Cakes, madeleines et crêpes bio Fruits secs bio Sans gluten Tout
   afficher
   Surgelés bio
   Glaces bio Légumes surgelés bio Fruits surgelés bio Viandes surgelées
   bio
   Volailles surgelées bio Produits de la mer surgelés bio Pizzas, quiches
   et tartes surgelés bio Apéritifs et entrées surgelés bio
   Pâtisseries surgelées bio Pains surgelés bio Surgelé Bébé bio Surgelés
   bio sans gluten
   Tout afficher
   Boissons bio
   Jus de fruits bio Laits bio Boissons végétales bio Eaux
   Vins et champagnes bio Bières bio Cola et boissons gazeuses bio Sirops
   bio
   Jus de légumes bio Jus de fruits frais bio Thé glacé et Kombucha bio
   Cidres bio
   Bières sans gluten Tout afficher
   Maison et animaux bio
   Nettoyants et accessoires ménagers bio Linge bio Vaisselle bio Chats
   bio
   Chiens bio Tout afficher
   Hygiène, beauté et bébé bio
   Alimentation bébé bio Soins visage et corps bio Soins Cheveux bio
   Compléments alimentaires bio
   Papier toilette Soins et rasage homme bio Tout afficher
   Sans gluten et végan bio
   Produits sans gluten Bio Produits vegan Bio Tout afficher
   Epicerie salée Epicerie salée
   Epicerie salée
   Bio
   Huiles et vinaigres bio Conserves de légumes bio Conserves de poissons
   bio Sauces et aides à la cuisine bio
   Plats cuisinés bio Légumes secs et graines bio Riz bio Pâtes bio
   Semoules, céréales et purées bio Soupes et croûtons bio Biscuits
   apéritif et chips bio Tartinades de légumes bio
   Terrines et pâtés bio Sels, poivres et épices bio Moutarde, mayonnaise
   et ketchup bio Cornichons, olives et câpres bio
   Epicerie salée sans gluten Tout afficher
   Pâtes, riz et féculents
   Pâtes Riz Sauces pour pâtes et riz Purées et polenta
   Semoule et céréales Légumes secs Tout afficher
   Conserves et bocaux
   Conserves de légumes Conserves de poissons Terrines et pâtés Tout
   afficher
   Plats cuisinés
   Apéritifs et chips
   Chips Biscuits apéritifs Cacahuètes, pistaches et mélanges Tout
   afficher
   Soupes et croûtons
   Soupes en brique Soupes instantanées Soupes déshydratées Soupes de
   poisson et bisques
   Croûtons Tout afficher
   Assaisonnements et condiments
   Huiles Vinaigres Sels, poivres et épices Moutarde, mayonnaise et
   ketchup
   Cornichons, olives et câpres Tout afficher
   Sauces, bouillons et Maïzena
   Bouillons et fonds de sauces Sauces et concentrés Crèmes en briques
   Maïzena, chapelures et farines
   Tout afficher
   Epicerie sucrée Epicerie sucrée
   Epicerie sucrée
   Bio
   Café et boissons chocolatées bio Chicorées et substituts café bio Thés
   et infusions bio Biscuits, cookies et sablés bio
   Cakes, madeleines et crêpes bio Fruits secs bio Chocolats bio
   Biscottes, pains grillés et galettes bio
   Viennoiseries et brioches bio Confitures bio Miels bio Pâte à tartiner
   bio
   Céréales bio Compotes, fruits sirop et flans bio Sucres, farines et
   levures bio Epicerie sucrée sans gluten
   Tout afficher
   Cafés
   Cafés moulus Cafés solubles et chicorées Compatibles Nespresso
   Compatibles Senseo
   Filtres à café Tout afficher
   Boissons chocolatées et thés
   Chocolat en poudre Thés Infusions Laits en poudre et concentrés
   Tout afficher
   Petit déjeuner
   Pain de mie Pains grillés et biscottes Céréales Viennoiseries et
   brioches
   Biscuits petit déjeuner Confitures Miels et pâtes à tartiner Fruits
   secs
   Tout afficher
   Biscuits
   Galettes et sablés Biscuits au chocolat et cookies Palmiers et
   gaufrettes Biscuits saveurs fruits
   Petits beurre et accompagnements Biscuits sans gluten Biscuits
   diététiques Biscuits petit déjeuner
   Tout afficher
   Pâtisseries moelleuses
   Madeleines Cakes, pains d'épice Viennoiseries et brioches Spécialités
   gourmandes
   Crêpes, pancakes et gaufres Goûters pour enfants Tout afficher
   Chocolat
   Barres au chocolat Tablettes chocolat noir Tablettes chocolat lait et
   blanc Chocolat pâtissier
   Assortiments de chocolats Tout afficher
   Confiseries
   Bonbons Bonbons à sucer Caramels Nougats
   Tout afficher
   Compotes et fruits au sirop
   Compotes de fruits Fruits au sirop Tout afficher
   Sucres et Farines
   Sucres et édulcorants Farines Aides pâtissières Sans gluten
   Tout afficher
   Produits diététiques
   Infusions et cafés diététiques Biscuits diététiques Tout afficher
   Fruits et légumes Fruits et légumes
   Fruits et légumes
   Bio
   Légumes bio Fruits bio Jus de fruits bio Jus de légumes bio
   Fruits secs bio Tout afficher
   Légumes
   Pommes de terre Tomates Choux Carottes
   Oignons, échalotes et ails Salades vertes et en sachet Autres légumes
   frais Assortiment légumes pour soupes
   Légumes sous vide Herbes aromatiques Tout afficher
   Fruits
   Pommes Poires Bananes Oranges
   Raisins Citrons Autres fruits Fruits secs
   Tout afficher
   Jus de fruits et gazpacho
   Jus de fruits Gazpacho et jus de légumes Tout afficher
   Les arrivages de la semaine
   Produits laitiers et fromages Produits laitiers et fromages
   Produits laitiers et fromages
   Bio
   Laits bio Oeufs bio Beurres, margarines et crèmes bio Les fromages bio
   Les yaourts bio Sans lactose Tout afficher
   Laits
   Laits demi-écrémés Laits écrémés Laits entiers Laits de chèvre
   Laits en poudre et concentré Tout afficher
   Beurres et crèmes
   Beurres et margarines Crèmes Tout afficher
   Fromages
   Fromage râpé Fromage de chèvre Fromage de brebis Comté, emmental et
   cantal
   Camembert Brie et coulommiers Roquefort et bleu Mozzarella
   Les spécialités de fromage Fromages à la découpe Fromages à tartiner
   Apéritif, salade et snacking
   A cuisiner ou manger chaud Fromages pour enfants Fromages allégés Tout
   afficher
   Yaourts
   Yaourts fruits et sur lit de fruits Fromage blanc et faisselles Yaourts
   enfants Yaourts natures
   Tout afficher
   Desserts
   Crèmes desserts, mousses et liégeois Compotes et coupes de fruits Riz
   au lait et crèmes aux oeufs Desserts pâtissiers
   Tout afficher
   Producteurs régionaux
   Le frais et les oeufs Le frais et les oeufs
   Le frais et les oeufs
   Bio
   Oeufs bio Charcuterie bio Rayons frais bio Traiteur de la mer bio
   Pains et viennoiseries bio Tout afficher
   Oeufs
   Charcuteries
   Jambon blanc Jambon de volaille Charcuterie tranchée Saucissons entiers
   Chorizo Pâtés, terrines et rillettes Saucisses, boudins et
   andouillettes Lardons, dés et poitrine
   Viandes cuites et pieds de porcs Nos producteurs régionaux Charcuterie
   sel réduit Charcuterie sans nitrites
   Charcuterie Halal Tout afficher
   Traiteur
   Salades composées barquette Entrées et apéritifs Plats cuisinés
   individuels Plats cuisinés à partager
   Pâtes fraîches, quenelles et gnocchis Sandwich, burger et snack Pizzas,
   tartes et quiches Feuilletés et crêpes
   Pâtes à tarte, pizza et brick Tout afficher
   Traiteur de la mer
   Poissons fumés et salés Poissons panés Crevettes Moules
   Surimi Soupes de poisson Plats cuisinés de la mer A tartiner
   Tout afficher
   Pains et pâtisseries
   Pains Pains de mie Pâtisseries fraîches Viennoiseries
   Brioches Sans gluten Tout afficher
   Viandes et volailles Viandes et volailles
   Viandes et volailles
   Viandes et volailles surgelées
   Bio Poulet surgelé Autres volailles surgelées Volailles cuisinées
   surgelées
   Volailles Casher surgelées Steaks hachés surgelés Boeuf surgelé Veau
   surgelé
   Porc surgelé Agneau surgelé Canard et foie gras surgelés Gibier surgelé
   Viandes d'exception surgelées Viandes barbecue surgelées Viandes Casher
   surgelées Viandes Halal surgelées
   Sauces surgelées viandes et volailles Tout afficher
   Viandes
   Boeuf Porc Saucisses et merguez Veau
   Agneau et mouton Lapin Viandes cuisinées et marinées Viande origine
   France
   Viande Label Rouge Tout afficher
   Volailles
   Poulet Dinde Canard Autres volailles
   Foie et gésiers Panés et nuggets Volaille origine France Volaille Label
   Rouge
   Tout afficher
   Eaux et boissons Eaux et boissons
   Eaux et boissons
   Bio
   Laits bio Jus de fruit bio Jus de légumes bio Colas et boissons
   gazeuses bio
   Boissons aromatisées et sirops bio Thé glacé et Kombucha bio Sirops bio
   Vins bio
   Champagnes et effervescents bio Tout afficher
   Eaux
   Eaux plates Eaux gazeuses Eaux aromatisées Petit format
   Eaux pour bébé Tout afficher
   Laits
   Laits demi-écrémés Laits écrémés Laits entiers Laits de chèvre
   Laits en poudre et concentré Tout afficher
   Jus de fruits et légumes
   Jus d'orange Jus de pomme Jus multifruits Tous les jus de fruits
   Jus de fruits frais Jus de légumes Boissons enfants et à emporter Tout
   afficher
   Colas et boissons gazeuses
   Colas Colas light Sodas Sodas light
   Limonades Tout afficher
   Boissons aromatisées et Sirops
   Ice tea Oasis Jus de cranberry Grenadine et fruits rouges
   Sirop d'agrumes Autres sirops Tout afficher
   Bières et cidres
   Bières Bières sans alcool et panachés Cidres Tout afficher
   Vins
   Vins rouges Vins blancs Vins rosés Bib et cubi
   Accessoires à vin Tout afficher
   Champagnes et effervescents
   Champagnes Effervescents Tout afficher
   Alcools
   Whisky Rhum, gin et vodka Autres spiritueux et apéritifs Apéritifs sans
   alcool
   Tout afficher
   Maison et animaux Maison et animaux
   Maison et animaux
   Bio
   Nettoyant linge écologique Nettoyants vaisselle écologique Nettoyants
   ménagers écologiques Accessoires ménagers écologiques
   Chats bio Chiens bio Tout afficher
   Entretien linge
   Lessive Assouplissant Autre entretien linge Tout afficher
   Entretien vaisselle
   Lavage lave-vaisselle Liquide vaisselle Entretien lave-vaisselle Tout
   afficher
   Entretien maison
   Nettoyants Eaux de javel WC et déboucheurs Tout afficher
   Accessoires ménagers
   Eponges Essuie tout Sacs poubelles Emballages
   Tout afficher
   Désodorisants et insecticides
   Désodorisants Insecticides Tout afficher
   Droguerie
   Animaux
   Nourriture chat Litières chat Nourriture chien Autres animaux
   Tout afficher
   Hygiène, beauté et bébé Hygiène, beauté et bébé
   Hygiène, beauté et bébé
   Bio
   Hygiène et beauté bio Bébé bio Tout afficher
   Hygiène et beauté
   Papier toilette Mouchoirs et cotons Parapharmacie Soins du visage et du
   corps
   Soins des cheveux Hygiène dentaire Savons et savons liquides Hygiène
   féminine
   Soins des hommes Tout afficher
   Bébé
   Laits et eaux Alimentation bébé Couches, lingettes et cotons Tout
   afficher
   Compléments alimentaires
   Préférences alimentaires Préférences alimentaires
   Préférences alimentaires
   Produits sans gluten
   Épicerie sans gluten Produits surgelés sans gluten Produits frais sans
   gluten Produits Schär
   Produits Amy's Kitchen Produits Genius Tout afficher
   Produits végétariens
   Produits sans lactose
   Produits Halal
   Produits Casher
   Plats Weight Watchers
   Nutrisens plats mixés
   Laurent Mariotte
   Box alimentaire
   Produits sans sel
   Produits du terroir français
   Spécialités du Sud Ouest Produits alsaciens Spécialités Rhône-Alpes
   Autres spécialités régionales
   Tout afficher La famille du mois
   Sans colorants, sans arôme artificiel
   Avantages Carte T Avantages Carte T
   Avantages Carte T
   RETOUR
   ____________________
   fermer
   0
   0,00€

    1. Accueil >

     Maison et animaux >

     Accessoires ménagers >

     Essuie tout (6)

Essuie tout

   Eponges Essuie tout Sacs poubelles Emballages Tout afficher
   Filtrer
   Trier

   Eponges Essuie tout Sacs poubelles Emballages Tout afficher
   Filtrer
   Marque
   [ ] Okay (2)
   [ ] Casino (1)
   [ ] Lotus (1)
   [ ] Autre marque (2)
   3 essuie-tout blanc Okay - 3 rouleaux 3 essuie-tout blanc Okay - 3
   rouleaux
   Essuie-tout décoré Okay
   les 3 rouleaux
   2,70 €
   +
   0___________________
   Essuie-tout super absorbant blanc Casino - 6 rouleaux Essuie-tout super
   absorbant blanc Casino - 6 rouleaux
   Essuie-tout super absorbant blanc Casino
   les 6 rouleaux
   3,99 €
   +
   0___________________
   6 essuie-tout blanc Okay 6 essuie-tout blanc Okay
   NOUVEAU
   6 essuie-tout blanc Okay
   la pièce
   4,75 €
   +
   0___________________
   Bobine essuie-tout blanc multi-usages Lotus Bobine essuie-tout blanc
   multi-usages Lotus
   Bobine essuie-tout multi-usage Lotus
   la pièce
   5,29 €
   +
   0___________________
   Pour la fin des vacances un produit volaille offert ! Code COTCOT Pour
   la fin des vacances un produit volaille offert ! Code COTCOT
   Essuie-tout compact 3 rouleaux Essuie-tout compact 3 rouleaux
   Essuie-tout compact 3 rouleaux
   les 3 rouleaux
   2,75 €
   +
   0___________________
   4 essuie-tout blancs et décorés Renova 4 essuie-tout blancs et décorés
   Renova
   NOUVEAU
   4 essuie-tout blancs et décorés Renova
   la pièce
   3,75 €
   +
   0___________________
   Trier
   Meilleure vente Prix croissant Prix / kilo croissant
   Meilleure vente Prix croissant Prix / kilo croissant

   Les essuie-tout absorbants sont très pratiques et utiles dans la
   maison. Ils permettent de nettoyer les petits accidents du quotidien,
   d'absorber les liquides renversés sur la table ou sur le sol et bien
   d'autres choses... Pour répondre à tous vos besoins, Toupargel vous
   propose des lots de rouleaux de papier essuie-tout de différentes
   tailles : lots de 2, de 3, de 6 et même des lots de 12 rouleaux pour
   les familles les plus nombreuses. Vous trouverez des marques très
   populaires comme Lotus, Okay, Casino... Décoré, maxi-absorbant, compact
   ou en bobine, l'essuie-tout se décline selon vos besoins spécifiques.
   Avec Toupargel, c'est facile de se faire livrer à domicile les produits
   les plus volumineux. Il suffit de passer votre commande directement en
   ligne sur le site et de vous faire livrer gratuitement partout en
   France (hors DOM/TOM et Corse) dès 25 € d'achat.
   Fin de liste des produits

   (BUTTON) 1
   Les avis
   Les commandes des clients toupargel
   Très bien 4,63 / 5,00
   5 étoiles
   30150
   4 étoiles
   9228
   3 étoiles
   1462
   2 étoiles
   494
   1 étoile
   229
   Note calculée à partir de 41563 avis Trusted Shops collectés depuis le
   30.10.2017
   LIVRAISON
   MARCHANDISE
   SERVICE CLIENT
   Avis validés par Trusted Shops

Livraison offerte dès 25€

Plus de 700 livreurs Toupargel partout en France

Des partenariats durables avec des producteurs régionaux

Un service client à votre écoute 7j/7

   Suivre @toupargel #toupargel
   Nos producteurs
   Découvrir
   Nos services
   Newsletter Commande par réfs. catalogue Nos guides Codes de réduction
   Catalogues interactifs Livraison de courses partout en France Boutique
   cadeaux Sélection première commande
   A propos
   FAQ Contact Catalogues Le groupe Toupargel Recettes
   Informations légales
   Mentions légales Politique Données Personnelles Politique Cookies
   Conditions Générales de Vente Crédits

   Paiement sécurisé

   Pour votre santé, évitez de grignoter entre les repas. mangerbouger.fr

   Date de livraison

   Prochaines dates de livraison disponibles pour
   (BUTTON) Modifier

   Le choix définitif de votre date et horaire de livraison ne se fera que
   lors de la validation de votre commande.
   (BUTTON) Je fais mes courses Je me connecte

   Prochaines dates de livraison disponibles
   Renseignez votre adresse pour connaître votre
   prochain créneau de livraison :
   ____________________
   ____________________
   [Ville]
   (BUTTON) Valider Je me connecte

   Abonnement newsletter
   delivery
   Abonnez-vous à nos newsletters et gagnez 5€
   Promos du moment, envies de saison, blog, recettes ...
   ____________________
   (BUTTON) M'ABONNER

   Choix du code postal
   Votre code postal
   Votre code postal
   Nous avons besoin de votre code postal pour l'ajout de produits au
   panier
   ____________________
   [Sélectionnez votre villee]
   (BUTTON) Poursuivre mes achats Se connecter

   T-Card
   Attention, vous allez perdre vos promotions !
   En supprimant votre Carte T de votre panier, vous perdez vos
   promotions. Votre panier sera recalculé.
   (BUTTON) Supprimer la carte Annuler

   Suivre @toupargel #toupargel

   Nos producteurs
   Découvrir

   Nos services

   Newsletter Commande par réfs. catalogue Nos guides Codes de réduction
   Catalogues interactifs Livraison de courses partout en France Boutique
   cadeaux Sélection première commande

   A propos

   FAQ Contact Catalogues Le groupe Toupargel Recettes

   Informations légales

   Mentions légales Politique Données Personnelles Politique Cookies
   Conditions Générales de Vente Crédits

   Paiement sécurisé

   Pour votre santé, évitez de grignoter entre les repas. mangerbouger.fr

   Informations relatives aux cookies
   En poursuivant votre navigation sans modifier vos paramètres, vous
   acceptez l'utilisation des cookies ou technologies similaires pour
   disposer de services et d'offres adaptés à vos centres d'intérêts, la
   possibilité de partager les contenus sur les réseaux sociaux ainsi que
   pour la sécurisation des transactions sur notre site. Pour plus
   d'informations, gérer ou modifier les paramètres, cliquez-ici
   (BUTTON) J'ai compris
   IFRAME: https://www.googletagmanager.com/ns.html?id=GTM-MKBHWZ

   Frais, épicerie et surgelé livrés à domicile !
   ____________________
   Livraison
     * Connexion/Inscription

   0
   0,00€
   ____________________

   Frais, épicerie et surgelé livrés à domicile !
   Connexion/Inscription
     * Promotions
       Promotions
          + Promotions surgelés
          + Promotions produits frais
          + Promotions épicerie
          + Promotions eaux et boissons
          + Promotions hygiène, beauté et bébé
          + Tout afficher
     * Surgelés
       Surgelés
          + Promotions surgelés
          + Glaces et sorbets
            Glaces et sorbets
               o Bio
               o Bâtonnets
               o Cônes et cornets
               o Barres glacées et snacking
               o Bacs crèmes glacées
               o Bacs sorbets
               o Pots de glace
               o Glaces pour enfants
               o Desserts glacés individuels
               o Desserts glacés à partager
               o Sauces, coulis et fruits surgelés
               o Marque Häagen-Dazs
               o Marque Magnum
               o Marque Extrême
               o Marque Carte d'Or
               o Tout afficher
          + Légumes, frites et fruits surgelés
            Légumes, frites et fruits surgelés
               o Bio
               o Légumes natures surgelés
               o Légumes cuisinés surgelés
               o Pommes de terres surgelées
               o Frites surgelées
               o Poêlées de légumes surgelées
               o Mélanges de légumes surgelés
               o Purées surgelées
               o Gratins de légumes surgelés
               o Soupes et potages surgelés
               o Herbes aromatiques
               o Fruits surgelés
               o Tout afficher
          + Viandes et volailles surgelées
            Viandes et volailles surgelées
               o Bio
               o Poulet surgelé
               o Steaks hachés surgelés
               o Boeuf surgelé
               o Porc surgelé
               o Veau surgelé
               o Agneau surgelé
               o Viandes barbecue surgelées
               o Viandes d'exception surgelées
               o Autres volailles surgelées
               o Volailles cuisinées surgelées
               o Canard et foie gras surgelés
               o Gibier surgelé
               o Viandes Casher surgelées
               o Volailles Casher surgelées
               o Viandes Halal surgelées
               o Sauces surgelées viandes et volailles
               o Tout afficher
          + Poissons et fruits de mer surgelés
            Poissons et fruits de mer surgelés
               o Bio
               o Cabillaud surgelé
               o Colin surgelé
               o Saumon surgelé
               o Merlu et lieu surgelés
               o Autres poissons surgelés
               o Crevettes surgelées
               o Coquilles Saint Jacques surgelées
               o Autres fruits de mer surgelés
               o Poissons panés et meunières surgelés
               o Moules surgelées
               o Grenouilles surgelées
               o Poissons sans arrêtes
               o Pêche responsable
               o Sauces pour poissons surgelées
               o Tout afficher
          + Pizzas, quiches et tartes surgelées
            Pizzas, quiches et tartes surgelées
               o Bio
               o Pizzas surgelées
               o Les individuelles
               o Tartes et tourtes surgelées
               o Flammekueches
               o Quiches lorraine surgelées
               o Végétarien
               o Sans gluten
               o Tout afficher
          + Plats cuisinés surgelés
            Plats cuisinés surgelés
               o Plats cuisinés à partager
               o Plats individuels à moins de 3 euros
               o Plats individuels gourmets
               o Cuisine du monde surgelée
               o Pâtes et lasagnes surgelées
               o Spécialités régionales
               o Poêlées cuisinées surgelées
               o Plats pour bébé surgelés Yooji
               o Weight Watchers surgelés
               o Tout afficher
          + Entrées surgelées
            Entrées surgelées
               o Bio
               o Feuilletés et paniers surgelés
               o Tartes et quiches surgelées
               o Snacking surgelé
               o Crêpes et galettes surgelées
               o Coquilles Saint Jacques gratinées
               o Autres coquilles gratinées
               o Quenelles et gnocchis surgelés
               o Salades surgelées
               o Autres spécialités
               o Soupes et potages surgelées
               o Escargots surgelés
               o Saumon fumé surgelé
               o Coquillages farcis surgelés
               o Entrées surgelées au foie gras
               o Cassolettes surgelées
               o Tout afficher
          + Apéritifs surgelés
            Apéritifs surgelés
               o Apéritifs à servir chaud
               o Apéritifs à servir froid
               o Cocktails sucrés surgelés
               o Pains surprises surgelés
               o Verrines surgelées
               o Canapés surgelés
               o Cakes et mini-feuilletés surgelés
               o Apéritifs surgelés côté mer
               o Apéritifs surgelés du monde
               o Autres apéritifs surgelés
               o Tout afficher
          + Pâtisseries surgelées
            Pâtisseries surgelées
               o Bio
               o Desserts pâtissiers et entremets surgelés
               o Pâtisseries individuelles surgelées
               o Tartes et tartelettes surgelées
               o Saveur chocolat
               o Spécialités régionales surgelées
               o Petits fours surgelés
               o Macarons surgelés
               o Sauces et coulis surgelés
               o Beurre surgelé
               o Sans gluten
               o Tout afficher
          + Pains et viennoiseries surgelés
            Pains et viennoiseries surgelés
               o Bio
               o Pains surgelés
               o Viennoiseries surgelées
               o Beignets, gaufres et crêpes surgelés
               o Brioches surgelées
               o Pâtes à tarte et pizza surgelées
               o Sans gluten
               o Tout afficher
     * Glaces et sorbets
       Glaces et sorbets
          + Bio
          + Bâtonnets
          + Cônes et cornets
          + Barres glacées et snacking
          + Bacs crèmes glacées
          + Bacs sorbets
          + Pots de glace
          + Desserts glacés individuels
          + Desserts glacés à partager
          + Glaces pour enfants
          + Sauces, coulis et fruits surgelés
          + Marque Magnum
          + Marque Carte d'Or
          + Marque Häagen-Dazs
          + Marque Extrême
          + Tout afficher
     * Bio by Naturalia
       Bio by Naturalia
          + Promotions bio
          + Fruits et légumes bio
            Fruits et légumes bio
               o Légumes bio
               o Fruits bio
               o Jus de fruits bio
               o Jus de légumes bio
               o Fruits secs bio
               o Tout afficher
          + Produits laitiers et fromages bio
            Produits laitiers et fromages bio
               o Yaourts et fromages blancs bio
               o Fromages bio
               o Beurres, margarines et crèmes bio
               o Crèmes desserts bio
               o Laits bio
               o Yaourts et fromages sans lactose
               o Tout afficher
          + Le frais et les oeufs bio
            Le frais et les oeufs bio
               o Traiteur bio
               o Oeufs bio
               o Charcuterie bio
               o Traiteur de la mer bio
               o Tout afficher
          + Pains et viennoiseries bio
            Pains et viennoiseries bio
               o Pains bio
               o Viennoiseries et brioches bio
               o Pains sans gluten
               o Tout afficher
          + Epicerie salée bio
            Epicerie salée bio
               o Huiles et vinaigres bio
               o Conserves de légumes bio
               o Conserves de poissons bio
               o Sauces et aides à la cuisine bio
               o Plats cuisinés bio
               o Légumes secs et graines bio
               o Riz bio
               o Pâtes bio
               o Semoules, céréales et purées bio
               o Soupes et croûtons bio
               o Apéritifs et chips bio
               o Tartinades de légumes bio
               o Terrines et pâtés bio
               o Sel, poivre et épices bio
               o Moutarde, mayonnaise et ketchup bio
               o Cornichons, olives et câpres bio
               o Sans gluten
               o Tout afficher
          + Epicerie sucrée bio
            Epicerie sucrée bio
               o Céréales bio
               o Biscottes, pains grillés et galettes bio
               o Sucres, farines et levures bio
               o Biscuits, cookies et sablés bio
               o Pâte à tartiner bio
               o Compotes, fruits sirop et flans bio
               o Café et boissons chocolatées bio
               o Chicorées et substituts café bio
               o Thés et infusions bio
               o Confitures bio
               o Miel bio
               o Chocolats bio
               o Cakes, madeleines et crêpes bio
               o Fruits secs bio
               o Sans gluten
               o Tout afficher
          + Surgelés bio
            Surgelés bio
               o Glaces bio
               o Légumes surgelés bio
               o Fruits surgelés bio
               o Viandes surgelées bio
               o Volailles surgelées bio
               o Produits de la mer surgelés bio
               o Pizzas, quiches et tartes surgelés bio
               o Apéritifs et entrées surgelés bio
               o Pâtisseries surgelées bio
               o Pains surgelés bio
               o Surgelé Bébé bio
               o Surgelés bio sans gluten
               o Tout afficher
          + Boissons bio
            Boissons bio
               o Jus de fruits bio
               o Laits bio
               o Boissons végétales bio
               o Eaux
               o Vins et champagnes bio
               o Bières bio
               o Cola et boissons gazeuses bio
               o Sirops bio
               o Jus de légumes bio
               o Jus de fruits frais bio
               o Thé glacé et Kombucha bio
               o Cidres bio
               o Bières sans gluten
               o Tout afficher
          + Maison et animaux bio
            Maison et animaux bio
               o Nettoyants et accessoires ménagers bio
               o Linge bio
               o Vaisselle bio
               o Chats bio
               o Chiens bio
               o Tout afficher
          + Hygiène, beauté et bébé bio
            Hygiène, beauté et bébé bio
               o Alimentation bébé bio
               o Soins visage et corps bio
               o Soins Cheveux bio
               o Compléments alimentaires bio
               o Papier toilette
               o Soins et rasage homme bio
               o Tout afficher
          + Sans gluten et végan bio
            Sans gluten et végan bio
               o Produits sans gluten Bio
               o Produits vegan Bio
               o Tout afficher
     * Epicerie salée
       Epicerie salée
          + Bio
            Bio
               o Huiles et vinaigres bio
               o Conserves de légumes bio
               o Conserves de poissons bio
               o Sauces et aides à la cuisine bio
               o Plats cuisinés bio
               o Légumes secs et graines bio
               o Riz bio
               o Pâtes bio
               o Semoules, céréales et purées bio
               o Soupes et croûtons bio
               o Biscuits apéritif et chips bio
               o Tartinades de légumes bio
               o Terrines et pâtés bio
               o Sels, poivres et épices bio
               o Moutarde, mayonnaise et ketchup bio
               o Cornichons, olives et câpres bio
               o Epicerie salée sans gluten
               o Tout afficher
          + Pâtes, riz et féculents
            Pâtes, riz et féculents
               o Pâtes
               o Riz
               o Sauces pour pâtes et riz
               o Purées et polenta
               o Semoule et céréales
               o Légumes secs
               o Tout afficher
          + Conserves et bocaux
            Conserves et bocaux
               o Conserves de légumes
               o Conserves de poissons
               o Terrines et pâtés
               o Tout afficher
          + Plats cuisinés
          + Apéritifs et chips
            Apéritifs et chips
               o Chips
               o Biscuits apéritifs
               o Cacahuètes, pistaches et mélanges
               o Tout afficher
          + Soupes et croûtons
            Soupes et croûtons
               o Soupes en brique
               o Soupes instantanées
               o Soupes déshydratées
               o Soupes de poisson et bisques
               o Croûtons
               o Tout afficher
          + Assaisonnements et condiments
            Assaisonnements et condiments
               o Huiles
               o Vinaigres
               o Sels, poivres et épices
               o Moutarde, mayonnaise et ketchup
               o Cornichons, olives et câpres
               o Tout afficher
          + Sauces, bouillons et Maïzena
            Sauces, bouillons et Maïzena
               o Bouillons et fonds de sauces
               o Sauces et concentrés
               o Crèmes en briques
               o Maïzena, chapelures et farines
               o Tout afficher
     * Epicerie sucrée
       Epicerie sucrée
          + Bio
            Bio
               o Café et boissons chocolatées bio
               o Chicorées et substituts café bio
               o Thés et infusions bio
               o Biscuits, cookies et sablés bio
               o Cakes, madeleines et crêpes bio
               o Fruits secs bio
               o Chocolats bio
               o Biscottes, pains grillés et galettes bio
               o Viennoiseries et brioches bio
               o Confitures bio
               o Miels bio
               o Pâte à tartiner bio
               o Céréales bio
               o Compotes, fruits sirop et flans bio
               o Sucres, farines et levures bio
               o Epicerie sucrée sans gluten
               o Tout afficher
          + Cafés
            Cafés
               o Cafés moulus
               o Cafés solubles et chicorées
               o Compatibles Nespresso
               o Compatibles Senseo
               o Filtres à café
               o Tout afficher
          + Boissons chocolatées et thés
            Boissons chocolatées et thés
               o Chocolat en poudre
               o Thés
               o Infusions
               o Laits en poudre et concentrés
               o Tout afficher
          + Petit déjeuner
            Petit déjeuner
               o Pain de mie
               o Pains grillés et biscottes
               o Céréales
               o Viennoiseries et brioches
               o Biscuits petit déjeuner
               o Confitures
               o Miels et pâtes à tartiner
               o Fruits secs
               o Tout afficher
          + Biscuits
            Biscuits
               o Galettes et sablés
               o Biscuits au chocolat et cookies
               o Palmiers et gaufrettes
               o Biscuits saveurs fruits
               o Petits beurre et accompagnements
               o Biscuits sans gluten
               o Biscuits diététiques
               o Biscuits petit déjeuner
               o Tout afficher
          + Pâtisseries moelleuses
            Pâtisseries moelleuses
               o Madeleines
               o Cakes, pains d'épice
               o Viennoiseries et brioches
               o Spécialités gourmandes
               o Crêpes, pancakes et gaufres
               o Goûters pour enfants
               o Tout afficher
          + Chocolat
            Chocolat
               o Barres au chocolat
               o Tablettes chocolat noir
               o Tablettes chocolat lait et blanc
               o Chocolat pâtissier
               o Assortiments de chocolats
               o Tout afficher
          + Confiseries
            Confiseries
               o Bonbons
               o Bonbons à sucer
               o Caramels
               o Nougats
               o Tout afficher
          + Compotes et fruits au sirop
            Compotes et fruits au sirop
               o Compotes de fruits
               o Fruits au sirop
               o Tout afficher
          + Sucres et Farines
            Sucres et Farines
               o Sucres et édulcorants
               o Farines
               o Aides pâtissières
               o Sans gluten
               o Tout afficher
          + Produits diététiques
            Produits diététiques
               o Infusions et cafés diététiques
               o Biscuits diététiques
               o Tout afficher
     * Fruits et légumes
       Fruits et légumes
          + Bio
            Bio
               o Légumes bio
               o Fruits bio
               o Jus de fruits bio
               o Jus de légumes bio
               o Fruits secs bio
               o Tout afficher
          + Légumes
            Légumes
               o Pommes de terre
               o Tomates
               o Choux
               o Carottes
               o Oignons, échalotes et ails
               o Salades vertes et en sachet
               o Autres légumes frais
               o Assortiment légumes pour soupes
               o Légumes sous vide
               o Herbes aromatiques
               o Tout afficher
          + Fruits
            Fruits
               o Pommes
               o Poires
               o Bananes
               o Oranges
               o Raisins
               o Citrons
               o Autres fruits
               o Fruits secs
               o Tout afficher
          + Jus de fruits et gazpacho
            Jus de fruits et gazpacho
               o Jus de fruits
               o Gazpacho et jus de légumes
               o Tout afficher
          + Les arrivages de la semaine
     * Produits laitiers et fromages
       Produits laitiers et fromages
          + Bio
            Bio
               o Laits bio
               o Oeufs bio
               o Beurres, margarines et crèmes bio
               o Les fromages bio
               o Les yaourts bio
               o Sans lactose
               o Tout afficher
          + Laits
            Laits
               o Laits demi-écrémés
               o Laits écrémés
               o Laits entiers
               o Laits de chèvre
               o Laits en poudre et concentré
               o Tout afficher
          + Beurres et crèmes
            Beurres et crèmes
               o Beurres et margarines
               o Crèmes
               o Tout afficher
          + Fromages
            Fromages
               o Fromage râpé
               o Fromage de chèvre
               o Fromage de brebis
               o Comté, emmental et cantal
               o Camembert
               o Brie et coulommiers
               o Roquefort et bleu
               o Mozzarella
               o Les spécialités de fromage
               o Fromages à la découpe
               o Fromages à tartiner
               o Apéritif, salade et snacking
               o A cuisiner ou manger chaud
               o Fromages pour enfants
               o Fromages allégés
               o Tout afficher
          + Yaourts
            Yaourts
               o Yaourts fruits et sur lit de fruits
               o Fromage blanc et faisselles
               o Yaourts enfants
               o Yaourts natures
               o Tout afficher
          + Desserts
            Desserts
               o Crèmes desserts, mousses et liégeois
               o Compotes et coupes de fruits
               o Riz au lait et crèmes aux oeufs
               o Desserts pâtissiers
               o Tout afficher
          + Producteurs régionaux
     * Le frais et les oeufs
       Le frais et les oeufs
          + Bio
            Bio
               o Oeufs bio
               o Charcuterie bio
               o Rayons frais bio
               o Traiteur de la mer bio
               o Pains et viennoiseries bio
               o Tout afficher
          + Oeufs
          + Charcuteries
            Charcuteries
               o Jambon blanc
               o Jambon de volaille
               o Charcuterie tranchée
               o Saucissons entiers
               o Chorizo
               o Pâtés, terrines et rillettes
               o Saucisses, boudins et andouillettes
               o Lardons, dés et poitrine
               o Viandes cuites et pieds de porcs
               o Nos producteurs régionaux
               o Charcuterie sel réduit
               o Charcuterie sans nitrites
               o Charcuterie Halal
               o Tout afficher
          + Traiteur
            Traiteur
               o Salades composées barquette
               o Entrées et apéritifs
               o Plats cuisinés individuels
               o Plats cuisinés à partager
               o Pâtes fraîches, quenelles et gnocchis
               o Sandwich, burger et snack
               o Pizzas, tartes et quiches
               o Feuilletés et crêpes
               o Pâtes à tarte, pizza et brick
               o Tout afficher
          + Traiteur de la mer
            Traiteur de la mer
               o Poissons fumés et salés
               o Poissons panés
               o Crevettes
               o Moules
               o Surimi
               o Soupes de poisson
               o Plats cuisinés de la mer
               o A tartiner
               o Tout afficher
          + Pains et pâtisseries
            Pains et pâtisseries
               o Pains
               o Pains de mie
               o Pâtisseries fraîches
               o Viennoiseries
               o Brioches
               o Sans gluten
               o Tout afficher
     * Viandes et volailles
       Viandes et volailles
          + Viandes et volailles surgelées
            Viandes et volailles surgelées
               o Bio
               o Poulet surgelé
               o Autres volailles surgelées
               o Volailles cuisinées surgelées
               o Volailles Casher surgelées
               o Steaks hachés surgelés
               o Boeuf surgelé
               o Veau surgelé
               o Porc surgelé
               o Agneau surgelé
               o Canard et foie gras surgelés
               o Gibier surgelé
               o Viandes d'exception surgelées
               o Viandes barbecue surgelées
               o Viandes Casher surgelées
               o Viandes Halal surgelées
               o Sauces surgelées viandes et volailles
               o Tout afficher
          + Viandes
            Viandes
               o Boeuf
               o Porc
               o Saucisses et merguez
               o Veau
               o Agneau et mouton
               o Lapin
               o Viandes cuisinées et marinées
               o Viande origine France
               o Viande Label Rouge
               o Tout afficher
          + Volailles
            Volailles
               o Poulet
               o Dinde
               o Canard
               o Autres volailles
               o Foie et gésiers
               o Panés et nuggets
               o Volaille origine France
               o Volaille Label Rouge
               o Tout afficher
     * Eaux et boissons
       Eaux et boissons
          + Bio
            Bio
               o Laits bio
               o Jus de fruit bio
               o Jus de légumes bio
               o Colas et boissons gazeuses bio
               o Boissons aromatisées et sirops bio
               o Thé glacé et Kombucha bio
               o Sirops bio
               o Vins bio
               o Champagnes et effervescents bio
               o Tout afficher
          + Eaux
            Eaux
               o Eaux plates
               o Eaux gazeuses
               o Eaux aromatisées
               o Petit format
               o Eaux pour bébé
               o Tout afficher
          + Laits
            Laits
               o Laits demi-écrémés
               o Laits écrémés
               o Laits entiers
               o Laits de chèvre
               o Laits en poudre et concentré
               o Tout afficher
          + Jus de fruits et légumes
            Jus de fruits et légumes
               o Jus d'orange
               o Jus de pomme
               o Jus multifruits
               o Tous les jus de fruits
               o Jus de fruits frais
               o Jus de légumes
               o Boissons enfants et à emporter
               o Tout afficher
          + Colas et boissons gazeuses
            Colas et boissons gazeuses
               o Colas
               o Colas light
               o Sodas
               o Sodas light
               o Limonades
               o Tout afficher
          + Boissons aromatisées et Sirops
            Boissons aromatisées et Sirops
               o Ice tea
               o Oasis
               o Jus de cranberry
               o Grenadine et fruits rouges
               o Sirop d'agrumes
               o Autres sirops
               o Tout afficher
          + Bières et cidres
            Bières et cidres
               o Bières
               o Bières sans alcool et panachés
               o Cidres
               o Tout afficher
          + Vins
            Vins
               o Vins rouges
               o Vins blancs
               o Vins rosés
               o Bib et cubi
               o Accessoires à vin
               o Tout afficher
          + Champagnes et effervescents
            Champagnes et effervescents
               o Champagnes
               o Effervescents
               o Tout afficher
          + Alcools
            Alcools
               o Whisky
               o Rhum, gin et vodka
               o Autres spiritueux et apéritifs
               o Apéritifs sans alcool
               o Tout afficher
     * Maison et animaux
       Maison et animaux
          + Bio
            Bio
               o Nettoyant linge écologique
               o Nettoyants vaisselle écologique
               o Nettoyants ménagers écologiques
               o Accessoires ménagers écologiques
               o Chats bio
               o Chiens bio
               o Tout afficher
          + Entretien linge
            Entretien linge
               o Lessive
               o Assouplissant
               o Autre entretien linge
               o Tout afficher
          + Entretien vaisselle
            Entretien vaisselle
               o Lavage lave-vaisselle
               o Liquide vaisselle
               o Entretien lave-vaisselle
               o Tout afficher
          + Entretien maison
            Entretien maison
               o Nettoyants
               o Eaux de javel
               o WC et déboucheurs
               o Tout afficher
          + Accessoires ménagers
            Accessoires ménagers
               o Eponges
               o Essuie tout
               o Sacs poubelles
               o Emballages
               o Tout afficher
          + Désodorisants et insecticides
            Désodorisants et insecticides
               o Désodorisants
               o Insecticides
               o Tout afficher
          + Droguerie
          + Animaux
            Animaux
               o Nourriture chat
               o Litières chat
               o Nourriture chien
               o Autres animaux
               o Tout afficher
     * Hygiène, beauté et bébé
       Hygiène, beauté et bébé
          + Bio
            Bio
               o Hygiène et beauté bio
               o Bébé bio
               o Tout afficher
          + Hygiène et beauté
            Hygiène et beauté
               o Papier toilette
               o Mouchoirs et cotons
               o Parapharmacie
               o Soins du visage et du corps
               o Soins des cheveux
               o Hygiène dentaire
               o Savons et savons liquides
               o Hygiène féminine
               o Soins des hommes
               o Tout afficher
          + Bébé
            Bébé
               o Laits et eaux
               o Alimentation bébé
               o Couches, lingettes et cotons
               o Tout afficher
          + Compléments alimentaires
     * Préférences alimentaires
       Préférences alimentaires
          + Produits sans gluten
            Produits sans gluten
               o Épicerie sans gluten
               o Produits surgelés sans gluten
               o Produits frais sans gluten
               o Produits Schär
               o Produits Amy's Kitchen
               o Produits Genius
               o Tout afficher
          + Produits végétariens
          + Produits sans lactose
          + Produits Halal
          + Produits Casher
          + Plats Weight Watchers
          + Nutrisens plats mixés
          + Laurent Mariotte
          + Box alimentaire
          + Produits sans sel
          + Produits du terroir français
            Produits du terroir français
               o Spécialités du Sud Ouest
               o Produits alsaciens
               o Spécialités Rhône-Alpes
               o Autres spécialités régionales
               o Tout afficher
               o La famille du mois
          + Sans colorants, sans arôme artificiel
     * Avantages Carte T
     * Les services Toupargel
       Nous contacter Les questions fréquentes Nos guides Nos recettes
       L’application mobile
     *

   Promotions Promotions
   Promotions
   Promotions surgelés
   Promotions produits frais
   Promotions épicerie
   Promotions eaux et boissons
   Promotions hygiène, beauté et bébé
   Tout afficher
   Surgelés Surgelés
   Surgelés
   Promotions surgelés
   Glaces et sorbets
   Bio Bâtonnets Cônes et cornets Barres glacées et snacking
   Bacs crèmes glacées Bacs sorbets Pots de glace Glaces pour enfants
   Desserts glacés individuels Desserts glacés à partager Sauces, coulis
   et fruits surgelés Marque Häagen-Dazs
   Marque Magnum Marque Extrême Marque Carte d'Or Tout afficher
   Légumes, frites et fruits surgelés
   Bio Légumes natures surgelés Légumes cuisinés surgelés Pommes de terres
   surgelées
   Frites surgelées Poêlées de légumes surgelées Mélanges de légumes
   surgelés Purées surgelées
   Gratins de légumes surgelés Soupes et potages surgelés Herbes
   aromatiques Fruits surgelés
   Tout afficher
   Viandes et volailles surgelées
   Bio Poulet surgelé Steaks hachés surgelés Boeuf surgelé
   Porc surgelé Veau surgelé Agneau surgelé Viandes barbecue surgelées
   Viandes d'exception surgelées Autres volailles surgelées Volailles
   cuisinées surgelées Canard et foie gras surgelés
   Gibier surgelé Viandes Casher surgelées Volailles Casher surgelées
   Viandes Halal surgelées
   Sauces surgelées viandes et volailles Tout afficher
   Poissons et fruits de mer surgelés
   Bio Cabillaud surgelé Colin surgelé Saumon surgelé
   Merlu et lieu surgelés Autres poissons surgelés Crevettes surgelées
   Coquilles Saint Jacques surgelées
   Autres fruits de mer surgelés Poissons panés et meunières surgelés
   Moules surgelées Grenouilles surgelées
   Poissons sans arrêtes Pêche responsable Sauces pour poissons surgelées
   Tout afficher
   Pizzas, quiches et tartes surgelées
   Bio Pizzas surgelées Les individuelles Tartes et tourtes surgelées
   Flammekueches Quiches lorraine surgelées Végétarien Sans gluten
   Tout afficher
   Plats cuisinés surgelés
   Plats cuisinés à partager Plats individuels à moins de 3 euros Plats
   individuels gourmets Cuisine du monde surgelée
   Pâtes et lasagnes surgelées Spécialités régionales Poêlées cuisinées
   surgelées Plats pour bébé surgelés Yooji
   Weight Watchers surgelés Tout afficher
   Entrées surgelées
   Bio Feuilletés et paniers surgelés Tartes et quiches surgelées Snacking
   surgelé
   Crêpes et galettes surgelées Coquilles Saint Jacques gratinées Autres
   coquilles gratinées Quenelles et gnocchis surgelés
   Salades surgelées Autres spécialités Soupes et potages surgelées
   Escargots surgelés
   Saumon fumé surgelé Coquillages farcis surgelés Entrées surgelées au
   foie gras Cassolettes surgelées
   Tout afficher
   Apéritifs surgelés
   Apéritifs à servir chaud Apéritifs à servir froid Cocktails sucrés
   surgelés Pains surprises surgelés
   Verrines surgelées Canapés surgelés Cakes et mini-feuilletés surgelés
   Apéritifs surgelés côté mer
   Apéritifs surgelés du monde Autres apéritifs surgelés Tout afficher
   Pâtisseries surgelées
   Bio Desserts pâtissiers et entremets surgelés Pâtisseries individuelles
   surgelées Tartes et tartelettes surgelées
   Saveur chocolat Spécialités régionales surgelées Petits fours surgelés
   Macarons surgelés
   Sauces et coulis surgelés Beurre surgelé Sans gluten Tout afficher
   Pains et viennoiseries surgelés
   Bio Pains surgelés Viennoiseries surgelées Beignets, gaufres et crêpes
   surgelés
   Brioches surgelées Pâtes à tarte et pizza surgelées Sans gluten Tout
   afficher
   Glaces et sorbets Glaces et sorbets
   Glaces et sorbets
   Bio
   Bâtonnets
   Cônes et cornets
   Barres glacées et snacking
   Bacs crèmes glacées
   Bacs sorbets
   Pots de glace
   Desserts glacés individuels
   Desserts glacés à partager
   Glaces pour enfants
   Sauces, coulis et fruits surgelés
   Marque Magnum
   Marque Carte d'Or
   Marque Häagen-Dazs
   Marque Extrême
   Tout afficher
   Bio by Naturalia Bio by Naturalia
   Bio by Naturalia
   Promotions bio
   Fruits et légumes bio
   Légumes bio Fruits bio Jus de fruits bio Jus de légumes bio
   Fruits secs bio Tout afficher
   Produits laitiers et fromages bio
   Yaourts et fromages blancs bio Fromages bio Beurres, margarines et
   crèmes bio Crèmes desserts bio
   Laits bio Yaourts et fromages sans lactose Tout afficher
   Le frais et les oeufs bio
   Traiteur bio Oeufs bio Charcuterie bio Traiteur de la mer bio
   Tout afficher
   Pains et viennoiseries bio
   Pains bio Viennoiseries et brioches bio Pains sans gluten Tout afficher
   Epicerie salée bio
   Huiles et vinaigres bio Conserves de légumes bio Conserves de poissons
   bio Sauces et aides à la cuisine bio
   Plats cuisinés bio Légumes secs et graines bio Riz bio Pâtes bio
   Semoules, céréales et purées bio Soupes et croûtons bio Apéritifs et
   chips bio Tartinades de légumes bio
   Terrines et pâtés bio Sel, poivre et épices bio Moutarde, mayonnaise et
   ketchup bio Cornichons, olives et câpres bio
   Sans gluten Tout afficher
   Epicerie sucrée bio
   Céréales bio Biscottes, pains grillés et galettes bio Sucres, farines
   et levures bio Biscuits, cookies et sablés bio
   Pâte à tartiner bio Compotes, fruits sirop et flans bio Café et
   boissons chocolatées bio Chicorées et substituts café bio
   Thés et infusions bio Confitures bio Miel bio Chocolats bio
   Cakes, madeleines et crêpes bio Fruits secs bio Sans gluten Tout
   afficher
   Surgelés bio
   Glaces bio Légumes surgelés bio Fruits surgelés bio Viandes surgelées
   bio
   Volailles surgelées bio Produits de la mer surgelés bio Pizzas, quiches
   et tartes surgelés bio Apéritifs et entrées surgelés bio
   Pâtisseries surgelées bio Pains surgelés bio Surgelé Bébé bio Surgelés
   bio sans gluten
   Tout afficher
   Boissons bio
   Jus de fruits bio Laits bio Boissons végétales bio Eaux
   Vins et champagnes bio Bières bio Cola et boissons gazeuses bio Sirops
   bio
   Jus de légumes bio Jus de fruits frais bio Thé glacé et Kombucha bio
   Cidres bio
   Bières sans gluten Tout afficher
   Maison et animaux bio
   Nettoyants et accessoires ménagers bio Linge bio Vaisselle bio Chats
   bio
   Chiens bio Tout afficher
   Hygiène, beauté et bébé bio
   Alimentation bébé bio Soins visage et corps bio Soins Cheveux bio
   Compléments alimentaires bio
   Papier toilette Soins et rasage homme bio Tout afficher
   Sans gluten et végan bio
   Produits sans gluten Bio Produits vegan Bio Tout afficher
   Epicerie salée Epicerie salée
   Epicerie salée
   Bio
   Huiles et vinaigres bio Conserves de légumes bio Conserves de poissons
   bio Sauces et aides à la cuisine bio
   Plats cuisinés bio Légumes secs et graines bio Riz bio Pâtes bio
   Semoules, céréales et purées bio Soupes et croûtons bio Biscuits
   apéritif et chips bio Tartinades de légumes bio
   Terrines et pâtés bio Sels, poivres et épices bio Moutarde, mayonnaise
   et ketchup bio Cornichons, olives et câpres bio
   Epicerie salée sans gluten Tout afficher
   Pâtes, riz et féculents
   Pâtes Riz Sauces pour pâtes et riz Purées et polenta
   Semoule et céréales Légumes secs Tout afficher
   Conserves et bocaux
   Conserves de légumes Conserves de poissons Terrines et pâtés Tout
   afficher
   Plats cuisinés
   Apéritifs et chips
   Chips Biscuits apéritifs Cacahuètes, pistaches et mélanges Tout
   afficher
   Soupes et croûtons
   Soupes en brique Soupes instantanées Soupes déshydratées Soupes de
   poisson et bisques
   Croûtons Tout afficher
   Assaisonnements et condiments
   Huiles Vinaigres Sels, poivres et épices Moutarde, mayonnaise et
   ketchup
   Cornichons, olives et câpres Tout afficher
   Sauces, bouillons et Maïzena
   Bouillons et fonds de sauces Sauces et concentrés Crèmes en briques
   Maïzena, chapelures et farines
   Tout afficher
   Epicerie sucrée Epicerie sucrée
   Epicerie sucrée
   Bio
   Café et boissons chocolatées bio Chicorées et substituts café bio Thés
   et infusions bio Biscuits, cookies et sablés bio
   Cakes, madeleines et crêpes bio Fruits secs bio Chocolats bio
   Biscottes, pains grillés et galettes bio
   Viennoiseries et brioches bio Confitures bio Miels bio Pâte à tartiner
   bio
   Céréales bio Compotes, fruits sirop et flans bio Sucres, farines et
   levures bio Epicerie sucrée sans gluten
   Tout afficher
   Cafés
   Cafés moulus Cafés solubles et chicorées Compatibles Nespresso
   Compatibles Senseo
   Filtres à café Tout afficher
   Boissons chocolatées et thés
   Chocolat en poudre Thés Infusions Laits en poudre et concentrés
   Tout afficher
   Petit déjeuner
   Pain de mie Pains grillés et biscottes Céréales Viennoiseries et
   brioches
   Biscuits petit déjeuner Confitures Miels et pâtes à tartiner Fruits
   secs
   Tout afficher
   Biscuits
   Galettes et sablés Biscuits au chocolat et cookies Palmiers et
   gaufrettes Biscuits saveurs fruits
   Petits beurre et accompagnements Biscuits sans gluten Biscuits
   diététiques Biscuits petit déjeuner
   Tout afficher
   Pâtisseries moelleuses
   Madeleines Cakes, pains d'épice Viennoiseries et brioches Spécialités
   gourmandes
   Crêpes, pancakes et gaufres Goûters pour enfants Tout afficher
   Chocolat
   Barres au chocolat Tablettes chocolat noir Tablettes chocolat lait et
   blanc Chocolat pâtissier
   Assortiments de chocolats Tout afficher
   Confiseries
   Bonbons Bonbons à sucer Caramels Nougats
   Tout afficher
   Compotes et fruits au sirop
   Compotes de fruits Fruits au sirop Tout afficher
   Sucres et Farines
   Sucres et édulcorants Farines Aides pâtissières Sans gluten
   Tout afficher
   Produits diététiques
   Infusions et cafés diététiques Biscuits diététiques Tout afficher
   Fruits et légumes Fruits et légumes
   Fruits et légumes
   Bio
   Légumes bio Fruits bio Jus de fruits bio Jus de légumes bio
   Fruits secs bio Tout afficher
   Légumes
   Pommes de terre Tomates Choux Carottes
   Oignons, échalotes et ails Salades vertes et en sachet Autres légumes
   frais Assortiment légumes pour soupes
   Légumes sous vide Herbes aromatiques Tout afficher
   Fruits
   Pommes Poires Bananes Oranges
   Raisins Citrons Autres fruits Fruits secs
   Tout afficher
   Jus de fruits et gazpacho
   Jus de fruits Gazpacho et jus de légumes Tout afficher
   Les arrivages de la semaine
   Produits laitiers et fromages Produits laitiers et fromages
   Produits laitiers et fromages
   Bio
   Laits bio Oeufs bio Beurres, margarines et crèmes bio Les fromages bio
   Les yaourts bio Sans lactose Tout afficher
   Laits
   Laits demi-écrémés Laits écrémés Laits entiers Laits de chèvre
   Laits en poudre et concentré Tout afficher
   Beurres et crèmes
   Beurres et margarines Crèmes Tout afficher
   Fromages
   Fromage râpé Fromage de chèvre Fromage de brebis Comté, emmental et
   cantal
   Camembert Brie et coulommiers Roquefort et bleu Mozzarella
   Les spécialités de fromage Fromages à la découpe Fromages à tartiner
   Apéritif, salade et snacking
   A cuisiner ou manger chaud Fromages pour enfants Fromages allégés Tout
   afficher
   Yaourts
   Yaourts fruits et sur lit de fruits Fromage blanc et faisselles Yaourts
   enfants Yaourts natures
   Tout afficher
   Desserts
   Crèmes desserts, mousses et liégeois Compotes et coupes de fruits Riz
   au lait et crèmes aux oeufs Desserts pâtissiers
   Tout afficher
   Producteurs régionaux
   Le frais et les oeufs Le frais et les oeufs
   Le frais et les oeufs
   Bio
   Oeufs bio Charcuterie bio Rayons frais bio Traiteur de la mer bio
   Pains et viennoiseries bio Tout afficher
   Oeufs
   Charcuteries
   Jambon blanc Jambon de volaille Charcuterie tranchée Saucissons entiers
   Chorizo Pâtés, terrines et rillettes Saucisses, boudins et
   andouillettes Lardons, dés et poitrine
   Viandes cuites et pieds de porcs Nos producteurs régionaux Charcuterie
   sel réduit Charcuterie sans nitrites
   Charcuterie Halal Tout afficher
   Traiteur
   Salades composées barquette Entrées et apéritifs Plats cuisinés
   individuels Plats cuisinés à partager
   Pâtes fraîches, quenelles et gnocchis Sandwich, burger et snack Pizzas,
   tartes et quiches Feuilletés et crêpes
   Pâtes à tarte, pizza et brick Tout afficher
   Traiteur de la mer
   Poissons fumés et salés Poissons panés Crevettes Moules
   Surimi Soupes de poisson Plats cuisinés de la mer A tartiner
   Tout afficher
   Pains et pâtisseries
   Pains Pains de mie Pâtisseries fraîches Viennoiseries
   Brioches Sans gluten Tout afficher
   Viandes et volailles Viandes et volailles
   Viandes et volailles
   Viandes et volailles surgelées
   Bio Poulet surgelé Autres volailles surgelées Volailles cuisinées
   surgelées
   Volailles Casher surgelées Steaks hachés surgelés Boeuf surgelé Veau
   surgelé
   Porc surgelé Agneau surgelé Canard et foie gras surgelés Gibier surgelé
   Viandes d'exception surgelées Viandes barbecue surgelées Viandes Casher
   surgelées Viandes Halal surgelées
   Sauces surgelées viandes et volailles Tout afficher
   Viandes
   Boeuf Porc Saucisses et merguez Veau
   Agneau et mouton Lapin Viandes cuisinées et marinées Viande origine
   France
   Viande Label Rouge Tout afficher
   Volailles
   Poulet Dinde Canard Autres volailles
   Foie et gésiers Panés et nuggets Volaille origine France Volaille Label
   Rouge
   Tout afficher
   Eaux et boissons Eaux et boissons
   Eaux et boissons
   Bio
   Laits bio Jus de fruit bio Jus de légumes bio Colas et boissons
   gazeuses bio
   Boissons aromatisées et sirops bio Thé glacé et Kombucha bio Sirops bio
   Vins bio
   Champagnes et effervescents bio Tout afficher
   Eaux
   Eaux plates Eaux gazeuses Eaux aromatisées Petit format
   Eaux pour bébé Tout afficher
   Laits
   Laits demi-écrémés Laits écrémés Laits entiers Laits de chèvre
   Laits en poudre et concentré Tout afficher
   Jus de fruits et légumes
   Jus d'orange Jus de pomme Jus multifruits Tous les jus de fruits
   Jus de fruits frais Jus de légumes Boissons enfants et à emporter Tout
   afficher
   Colas et boissons gazeuses
   Colas Colas light Sodas Sodas light
   Limonades Tout afficher
   Boissons aromatisées et Sirops
   Ice tea Oasis Jus de cranberry Grenadine et fruits rouges
   Sirop d'agrumes Autres sirops Tout afficher
   Bières et cidres
   Bières Bières sans alcool et panachés Cidres Tout afficher
   Vins
   Vins rouges Vins blancs Vins rosés Bib et cubi
   Accessoires à vin Tout afficher
   Champagnes et effervescents
   Champagnes Effervescents Tout afficher
   Alcools
   Whisky Rhum, gin et vodka Autres spiritueux et apéritifs Apéritifs sans
   alcool
   Tout afficher
   Maison et animaux Maison et animaux
   Maison et animaux
   Bio
   Nettoyant linge écologique Nettoyants vaisselle écologique Nettoyants
   ménagers écologiques Accessoires ménagers écologiques
   Chats bio Chiens bio Tout afficher
   Entretien linge
   Lessive Assouplissant Autre entretien linge Tout afficher
   Entretien vaisselle
   Lavage lave-vaisselle Liquide vaisselle Entretien lave-vaisselle Tout
   afficher
   Entretien maison
   Nettoyants Eaux de javel WC et déboucheurs Tout afficher
   Accessoires ménagers
   Eponges Essuie tout Sacs poubelles Emballages
   Tout afficher
   Désodorisants et insecticides
   Désodorisants Insecticides Tout afficher
   Droguerie
   Animaux
   Nourriture chat Litières chat Nourriture chien Autres animaux
   Tout afficher
   Hygiène, beauté et bébé Hygiène, beauté et bébé
   Hygiène, beauté et bébé
   Bio
   Hygiène et beauté bio Bébé bio Tout afficher
   Hygiène et beauté
   Papier toilette Mouchoirs et cotons Parapharmacie Soins du visage et du
   corps
   Soins des cheveux Hygiène dentaire Savons et savons liquides Hygiène
   féminine
   Soins des hommes Tout afficher
   Bébé
   Laits et eaux Alimentation bébé Couches, lingettes et cotons Tout
   afficher
   Compléments alimentaires
   Préférences alimentaires Préférences alimentaires
   Préférences alimentaires
   Produits sans gluten
   Épicerie sans gluten Produits surgelés sans gluten Produits frais sans
   gluten Produits Schär
   Produits Amy's Kitchen Produits Genius Tout afficher
   Produits végétariens
   Produits sans lactose
   Produits Halal
   Produits Casher
   Plats Weight Watchers
   Nutrisens plats mixés
   Laurent Mariotte
   Box alimentaire
   Produits sans sel
   Produits du terroir français
   Spécialités du Sud Ouest Produits alsaciens Spécialités Rhône-Alpes
   Autres spécialités régionales
   Tout afficher La famille du mois
   Sans colorants, sans arôme artificiel
   Avantages Carte T Avantages Carte T
   Avantages Carte T
   RETOUR
   ____________________
   fermer
   0
   0,00€

    1. Accueil >

     Maison et animaux >

     Accessoires ménagers >

     Sacs poubelles (10)

Sacs poubelles

   Eponges Essuie tout Sacs poubelles Emballages Tout afficher
   Filtrer
   Trier

   Eponges Essuie tout Sacs poubelles Emballages Tout afficher
   Filtrer
   Marque
   [ ] Handy Bag (5)
   [ ] Casino (3)
   [ ] Casino Tous les jours (1)
   [ ] Autre marque (1)
   10 sacs poubelle à poignées coulissantes Handy Bag - 50 l 10 sacs
   poubelle à poignées coulissantes Handy Bag - 50 l
   10 sacs poubelle à poignées coulissantes Handy Bag
   le paquet de 10
   4,45 €
   +
   0___________________
   15 sacs poubelle à poignées coulissantes Handy Bag - 30 l 15 sacs
   poubelle à poignées coulissantes Handy Bag - 30 l
   15 sacs poubelle à poignées coulissantes Handy Bag
   le paquet de 15
   4,29 €
   +
   0___________________
   Sacs poubelle liens coulissants Casino - 10 x 100 l Sacs poubelle liens
   coulissants Casino - 10 x 100 l
   Sacs-poubelle liens coulissants Casino
   le paquet
   3,39 €
   +
   0___________________
   20 sacs poubelle salle de bain Casino - 10 l 20 sacs poubelle salle de
   bain Casino - 10 l
   Sacs-poubelle salle de bain Casino
   le paquet de 20
   1,45 €
   +
   0___________________
   Pour la fin des vacances un produit volaille offert ! Code COTCOT Pour
   la fin des vacances un produit volaille offert ! Code COTCOT
   Sacs poubelle de 50 litres Tous les jours - 20 sacs Sacs poubelle de 50
   litres Tous les jours - 20 sacs
   Sacs-poubelle de 50 litres Casino
   le paquet de 20
   1,19 €
   +
   0___________________
   Sacs poubelle 30 litres - 40 sacs Sacs poubelle 30 litres - 40 sacs
   Sacs poubelle 30 litres - 40 sacs
   le paquet de 40 sacs
   1,29 €
   +
   0___________________
   Sacs poubelle Casino - 20 x 20 l Sacs poubelle Casino - 20 x 20 l
   Sacs poubelle Casino
   le paquet de 20
   1,79 €
   10 sacs poubelles avec liens Handy Bag - 100 l 10 sacs poubelles avec
   liens Handy Bag - 100 l
   10 sacs poubelles avec liens Handy Bag - 100 l
   le paquet
   5,60 €
   20 sacs poubelles anti-fuites avec liens Handy Bag - 20 l 20 sacs
   poubelles anti-fuites avec liens Handy Bag - 20 l
   20 sacs poubelles anti-fuites avec liens Handy Bag - 20 l
   le paquet
   2,65 €
   20 sacs poubelles salle de bains Handy Bag - 10 l 20 sacs poubelles
   salle de bains Handy Bag - 10 l
   20 sacs poubelles salle de bains Handy Bag - 10 l
   le paquet
   1,85 €
   Trier
   Meilleure vente Prix croissant Prix / kilo croissant
   Meilleure vente Prix croissant Prix / kilo croissant

   Vous en avez assez de ces sacs poubelles qui n’évitent ni odeurs ni
   fuite de liquide ? Découvrez au plus vite ce rayon Sacs poubelles en
   ligne de Toupargel ! Choisissez parmi les différents lots et
   contenances disponibles. Selon vos besoins, achetez en ligne à partir
   de 10 jusqu’à 25 sacs poubelles par lot. Retrouvez ici des sacs
   poubelles liens classiques simples d’utilisation, mais surtout faciles
   à refermer une fois remplis. Pour plus de praticité, optez pour les
   sacs poubelles à liens coulissants qui, en plus d’être résistants et
   étanches, se transportent très facilement. Sinon, commandez sur
   toupargel.fr des sacs poubelles à poignées coulissantes. Sur notre
   plateforme, nous proposons également des sacs poubelles salle de bain,
   pratiques, résistants et imperméables. Faites votre choix et commandez
   en ligne dès à présent, notre service livraison s’occupera du reste !
   Fin de liste des produits

   (BUTTON) 1
   Les avis
   Les commandes des clients toupargel
   Très bien 4,63 / 5,00
   5 étoiles
   30150
   4 étoiles
   9228
   3 étoiles
   1462
   2 étoiles
   494
   1 étoile
   229
   Note calculée à partir de 41563 avis Trusted Shops collectés depuis le
   30.10.2017
   LIVRAISON
   MARCHANDISE
   SERVICE CLIENT
   Avis validés par Trusted Shops

Livraison offerte dès 25€

Plus de 700 livreurs Toupargel partout en France

Des partenariats durables avec des producteurs régionaux

Un service client à votre écoute 7j/7

   Suivre @toupargel #toupargel
   Nos producteurs
   Découvrir
   Nos services
   Newsletter Commande par réfs. catalogue Nos guides Codes de réduction
   Catalogues interactifs Livraison de courses partout en France Boutique
   cadeaux Sélection première commande
   A propos
   FAQ Contact Catalogues Le groupe Toupargel Recettes
   Informations légales
   Mentions légales Politique Données Personnelles Politique Cookies
   Conditions Générales de Vente Crédits

   Paiement sécurisé

   Pour votre santé, évitez de grignoter entre les repas. mangerbouger.fr

   Date de livraison

   Prochaines dates de livraison disponibles pour
   (BUTTON) Modifier

   Le choix définitif de votre date et horaire de livraison ne se fera que
   lors de la validation de votre commande.
   (BUTTON) Je fais mes courses Je me connecte

   Prochaines dates de livraison disponibles
   Renseignez votre adresse pour connaître votre
   prochain créneau de livraison :
   ____________________
   ____________________
   [Ville]
   (BUTTON) Valider Je me connecte

   Abonnement newsletter
   delivery
   Abonnez-vous à nos newsletters et gagnez 5€
   Promos du moment, envies de saison, blog, recettes ...
   ____________________
   (BUTTON) M'ABONNER

   Choix du code postal
   Votre code postal
   Votre code postal
   Nous avons besoin de votre code postal pour l'ajout de produits au
   panier
   ____________________
   [Sélectionnez votre villee]
   (BUTTON) Poursuivre mes achats Se connecter

   T-Card
   Attention, vous allez perdre vos promotions !
   En supprimant votre Carte T de votre panier, vous perdez vos
   promotions. Votre panier sera recalculé.
   (BUTTON) Supprimer la carte Annuler

   Suivre @toupargel #toupargel

   Nos producteurs
   Découvrir

   Nos services

   Newsletter Commande par réfs. catalogue Nos guides Codes de réduction
   Catalogues interactifs Livraison de courses partout en France Boutique
   cadeaux Sélection première commande

   A propos

   FAQ Contact Catalogues Le groupe Toupargel Recettes

   Informations légales

   Mentions légales Politique Données Personnelles Politique Cookies
   Conditions Générales de Vente Crédits

   Paiement sécurisé

   Pour votre santé, évitez de grignoter entre les repas. mangerbouger.fr

   Informations relatives aux cookies
   En poursuivant votre navigation sans modifier vos paramètres, vous
   acceptez l'utilisation des cookies ou technologies similaires pour
   disposer de services et d'offres adaptés à vos centres d'intérêts, la
   possibilité de partager les contenus sur les réseaux sociaux ainsi que
   pour la sécurisation des transactions sur notre site. Pour plus
   d'informations, gérer ou modifier les paramètres, cliquez-ici
   (BUTTON) J'ai compris
