   #alternate alternate alternate alternate alternate

     * New Collections
          + (see node/1968)
     * Bestsellers
     * Primer + Skincare
          + Fix +
          + Primers
          + Moisturisers
          + Cleansers
          + Lip Care + Primer
     * Makeup
          + Lips
               o Lipstick
               o Lip Gloss
               o Lip Liner
               o Viva Glam
               o Lip Care + Primer
               o Lip Palettes + Kits
          + Face
               o Primer
               o Foundation
               o Concealer
               o Powder
               o Highlight + Contour
               o Blush
               o Face Palettes + Kits
          + Eyes
               o Eyeshadow
               o Eyeliner
               o Glitter + Pigment
               o Mascara + Lashes
               o Eyebrows
               o Eye Palettes + Kits
          + Pro Products
     * Brushes + Tools
          + Brushes
               o All Brushes
               o Face Brushes
               o Eye Brushes
               o Lip Brushes
          + Tools
               o Bags
               o Applicators
               o Accessories
               o Pro Palette
               o Containers
          + Pro Products
               o Brushes + Tools
     * Shop By Trend
          + ROKSANDA AW19 #MACBACKSTAGE
          + HALPERN AW19 #MACBACKSTAGE
          + #meetyourmatte Kissing Booth
          + #meetyourmatte
          + #powerlids
          + #aperfectblur
          + #Whatsyourthing
          + Theatre #macbackstage
          + Healthy Glow #MACglow
     * Mini M‧A‧C
     * Fragrance
     * Book a Service
     * Makeup Services
     * Find a Store
     * Offers
     * Gifting
          + Gift Guide
          + Custom Palette
          + Gift Cards
          + Check Balance
     * Inspiration
          + Share Your Look
          + Our Story
          + How To Videos
          + Our Artists
          + VIVA GLAM

     * WHAT'S NEW
          + (see node/14620)
     * Best Sellers
     * Face
          + Foundation
          + Powder
          + Primer
          + Concealer
          + Blush
          + Bronzer
          + Highlight + Contour
          + Face Palettes + Kits
     * Lips
          + Lipstick
          + Lip Pencil
          + Lip Gloss
          + Lip Care + Primer
          + Lip Palettes + Kits
          + VIVA GLAM
     * Eyes
          + Eyeshadow
          + Eyeliner
          + Glitter + Pigment
          + Mascara + Lashes
          + Eyebrows
          + Eye Palettes + Kits
     * Brushes + Tools
          + Brushes
               o All Brushes
               o Face Brushes
               o Lip Brushes
               o Eye Brushes
               o Brush Kits
          + Tools
               o All Tools
               o Bags
               o Applicators
               o Accessories
               o Containers
     * Skincare
          + Cleansers
          + Moisturisers
          + BB + CC
          + Travel Size
     * Mini M‧A‧C
     * Makeup Services
          + Book an Appointment
          + Service Menu
          + Find a Store
     * Gifting
          + Gift Guide
          + Gift Cards
          + Beauty Boxes
          + Customise
     * M‧A‧C PRO
          + PRO Team
               o Meet The Artists
               o M‧A‧C Pro X Theatre
          + PRO Products
               o All PRO
               o PRO Lips
               o PRO Face
               o PRO Eyes
               o PRO Palettes
               o PRO Brushes + Tools
          + PRO Scheme
               o Master Classes
               o Benefits
               o Apply
     * Fragrance
     * VIVA GLAM
     * Shop By Collection
          + Studio Fix
          + PREP + PRIME
          + MINERALIZE
          + Pro Longwear
     * Inspiration
          + #MACCOSMETICS
          + Trends
               o #MONOCHROMEMOMENT
               o #POWERLIDS
               o #APERFECTBLUR
               o #HEALTHY GLOW MACGLOW
          + VIVA GLAM
          + How To Videos
          + Our Story
     * Goodbyes

   See All UP CLOSE AND PERSONAL Extra Dimension Skinfinish Trios LOVE ME
   LIPSTICK

   RECEIVE A FREE SAMPLE WHEN YOU SPEND £25, 2 SAMPLES WHEN YOU SPEND £45,
   3 WHEN YOU SPEND £65! NEED INSPIRATION? SHOP BESTSELLERS.

MAC Cosmetics - Official Site MAC Cosmetics - Official Site

     Products
          + Makeup

Lips
               o Lipstick
               o Lip Gloss
               o Lip Liner
               o Lip Care + Primer
               o Lip Palettes + Kits
               o Viva Glam

Face
               o Primer
               o Foundation
               o Concealer
               o Face Powder
               o Bronzer
               o Blusher
               o Highlight + Contour
               o Face Palettes + Kits
               o Custom Palette

Eyes
               o All Eyes
               o Eyeshadow
               o Eyeliner
               o Eyebrows
               o Mascara + Lashes
               o Glitter + Pigment
               o Eye Palettes + Kits
               o Custom Palette

Pro Products
               o All Pro
          + Primer + Skincare
               o Fix +
               o Strobe
               o Primers
               o Cleansers
               o Moisturisers
               o BB + CC
               o Travel Size
            PERFECT YOUR LOOK<br>WITH PREP + PRIME</br>
            PERFECT YOUR LOOK
            WITH PREP + PRIME
            ILLUMINATE YOUR SKIN<br>WITH LIGHTFUL C</br>
            ILLUMINATE YOUR SKIN
            WITH LIGHTFUL C
          + Beauty Boxes
          + Mini M‧A‧C
          + Brushes + Tools

Brushes
               o Eye Brushes
               o Lip Brushes
               o Face Brushes
               o All Brushes
               o Brush Kits

Tools
               o Pro Palette
               o Containers
               o Applicators
               o Accessories
               o Bags

Pro Products
               o Brushes + Tools
            Pick Your Palette, <br>Choose Your Shades</br>
            Pick Your Palette,
            Choose Your Shades
          + TRENDS
               o ROKSANDA AW19 #MACBACKSTAGE
               o HALPERN AW19 #MACBACKSTAGE
               o #MEETYOURMATTE KISSING BOOTH
               o #MEETYOURMATTE
               o #MONOCHROMEMOMENT
               o #DISCOBALLKISS
               o #POWERLIDS
               o #APERFECTBLUR
               o #WHATSYOURTHING
               o THEATRE #MACBACKSTAGE
               o HEALTHY GLOW #MACGLOW


          + Gifting
               o Gift Guide
               o Custom Palette
               o Gift Cards
               o About Gift Cards
               o Check Balance

          + FRAGRANCE
     Bestsellers
     What's New
          + See all Collections
          + M‧A‧C X PONY PARK
          + VISUAL ARTS
          + AW19 LOOKBOOK
          + GET YOUR FIX
     FIND A STORE
     Services
     Inspiration
          + #MACCOSMETICS
          + How To Videos
          + OUR STORY
          + M·A·C VIVA GLAM
          + ARTISTS
     Fashion Week

     What's New
          + See all Collections
          + M‧A‧C X PONY PARK
          + VISUAL ARTS
          + AW19 LOOKBOOK
     Bestsellers
     Makeup
          + FACE
               o Foundation
               o Powder
               o Primer
               o Concealer
               o Blush
               o Bronzer
               o Face Brushes
               o Highlight + Contour
               o Face Palettes + Kits
          + LIPS
               o Lipstick
               o Lip Pencil
               o Lip Gloss
               o Lip Care + Primer
               o Lip Brushes
               o Lip Palettes + Kits
               o Viva Glam
          + EYES
               o Eyeshadow
               o Mascara + Lashes
               o Eyebrows
               o Eyeliner
               o Eye Brushes
               o Eye Palettes + Kits
               o Glitter + Pigment
          + Brushes + Tools
               o BRUSHES
               o BAGS
               o APPLICATORS
               o ACCESSORIES
               o CONTAINERS
          + More
               o GIFTING
               o CUSTOMISE
               o BEAUTY BOXES
               o FRAGRANCE
               o GIFT CARDS
               o GOODBYES
          + COLLECTIONS
               o MINI MAC
               o STUDIO FIX
               o PREP + PRIME
               o MINERALIZE
               o PRO LONGWEAR
     SKINCARE
          + CLEANSERS
          + MOISTURISERS
          + BB + CC
          + TRAVEL SIZE
     M·A·C PRO
          + PRO TEAM
               o MEET THE ARTISTS
               o M·A·C PRO x THEATRE
          + PRO PRODUCTS
               o ALL PRO
               o PRO LIPS
               o PRO FACE
               o PRO EYES
               o PRO PALETTES
               o PRO BRUSHES + TOOLS
          + PRO SCHEME
               o MASTER CLASSES
               o BENEFITS
               o APPLY
     Store Services
          + BOOK AN APPOINTMENT
          + SERVICE MENU
          + FIND A STORE
     Inspiration
          + HOW TO VIDEOS
          + TRENDS
               o MONOCHROME MOMENT
               o POWER LIDS
               o A PERFECT BLUR
               o MACGLOW
          + M·A·C VIVA GLAM
          + OUR STORY
          + #MACCOSMETICS

   ____________________ Submit
   0

   Edit
   Your Bag
   Added to Bag

   Subtotal
   Checkout

   ENJOY FREE DELIVERY ON ALL ORDERS !

FREE STANDARD DELIVERY ON ORDERS OVER £20 & FREE RETURNS

   Delivery offer valid on orders shipped to UK addresses (excluding the
   Channel Islands). Free Standard Delivery on orders over £20 and
   Returns* with any purchase. No offer code necessary. Upgrade to Named
   Day Delivery for £4.95 or Next Day Delivery for £6.50. Place order
   prior to 3:00 PM GMT for Next Day Delivery. Please note, we will
   deliver the goods in accordance with the delivery option selected by
   you during the order process.

   *For details on free returns, CLICK HERE.
   My
   M·A·C
   Sign In

   Sign In
   My M·A·C

   Don’t have an account? Register
   ____________________
   ____________________

   Forgot Your Password?
   Submit

or

   Please indicate that you accept the Terms and Conditions and Privacy
   Policy of the M·A·C Cosmetics site in order to sign-in with Facebook
   []
   [ ] By clicking “Continue with Facebook”, I agree to MAC Cosmetics’s
   Terms and Conditions and Privacy Policy.
   How do we use your data? By clicking "Continue with Facebook", you
   accept that your first name, last name, Birthday, Gender, Location, Age
   Range, and Relationship status will be used to create and manage your
   user account. Your email address may be collected if you choose to
   share with us your email address from your Facebook public profile, for
   this purpose. All other personal data available from your Facebook
   public profile will not be collected by MAC Cosmetics. If you disagree
   with the options offered by Facebook, please click on "create your
   account" without Facebook. You may request to access, rectify or delete
   your personal data by sending an email to infomac@macosmetics.co.uk.
   For more information on MAC Cosmetics, a trading company of Estée
   Lauder Cosmetics Limited privacy practices, your rights and how to
   exercise these rights, please see our Privacy Policy.

   By Checking this box, I agree to MAC Cosmetics Terms & Conditions and
   Privacy Policy
   [ ] Yes! I would like to receive the M·A·C COSMETICS ONLINE Newsletter.
   How do we use your data?

   Yes! I would like to receive MAC Cosmetics marketing emails to enjoy
   the latest looks and launches, tips, trends, special offers and more.
   By checking this box, you accept that your e-mail address will be used
   to send you marketing newsletters and information about MAC Cosmetics
   products, events and offers. You can unsubscribe at any time by
   clicking on the unsubscribe link in each newsletter. For more
   information on MAC Cosmetics, a trading company of Estée Lauder
   Cosmetics Limited privacy practices, please see our Privacy Policy.

     * My Account
     * Account Profile
     * Order History
     * Purchased Products
     * My Favourites
     * Sign Out

   FREE STANDARD DELIVERY ON £20+ ORDERS AND FREE RETURNS ON ALL ORDERS*
   See Details

   FREE STANDARD DELIVERY & RETURNS
   Delivery offer valid on orders shipped to UK addresses (excluding the
   Channel Islands). Free Standard Delivery on £20+ orders and free
   returns on all orders*. No offer code necessary. Upgrade to Named Day
   Delivery for £4.95 or Next Day Delivery for £6.50. Place order prior to
   3:00 PM GMT for Next Day Delivery. Please note, we will deliver the
   goods in accordance with the delivery option selected by you during the
   order process.

   *For details on free returns, CLICK HERE.
   SIGN ME UP

   Sign Me Up
   Thank You!

   Sign me up to hear from M•A•C Cosmetics about future products,
   services, events and special insider-only offers.

   ____________________
   ____________________
   [ ]

   Yes, I would like to receive SMS Messages with the latest news from MAC
   Cosmetics including special events, new product launches and exclusive
   offers.
   How do we use your data? Your email address will be used only to send
   you MAC Cosmetics newsletters and information about MAC Cosmetics
   products, events and offers. You can unsubscribe at any time by
   clicking on the unsubscribe link in each newsletter. For more
   information on MAC Cosmetics, a trading company of Estée Lauder
   Cosmetics Limited privacy practices please see our Privacy Policy.
   Submit

     You are currently signed in as:
   csr signout Session open for :
   Reset customer Customer Cart QuikSearch

   Please enter a valid email address

Please enter your email address to write a review.

We will recognize you if you have an existing MACcosmetics.co.uk account.

   ____________________
   ENTER

Welcome Back.

Please enter your password to sign in

   ____________________
   ____________________
   Forgot Password?
   Sign In

or

   Please indicate that you accept the Terms and Conditions and Privacy
   Policy of the M·A·C Cosmetics site in order to sign-in with Facebook
   []
   [ ] By clicking “Continue with Facebook”, I agree to MAC Cosmetics’s
   Terms and Conditions and Privacy Policy.
   How do we use your data? By clicking "Continue with Facebook", you
   accept that your first name, last name, Birthday, Gender, Location, Age
   Range, and Relationship status will be used to create and manage your
   user account. Your email address may be collected if you choose to
   share with us your email address from your Facebook public profile, for
   this purpose. All other personal data available from your Facebook
   public profile will not be collected by MAC Cosmetics. If you disagree
   with the options offered by Facebook, please click on "create your
   account" without Facebook. You may request to access, rectify or delete
   your personal data by sending an email to infomac@macosmetics.co.uk.
   For more information on MAC Cosmetics, a trading company of Estée
   Lauder Cosmetics Limited privacy practices, your rights and how to
   exercise these rights, please see our Privacy Policy.

   By Checking this box, I agree to MAC Cosmetics Terms & Conditions and
   Privacy Policy
   [ ] Yes! I would like to receive the M·A·C COSMETICS ONLINE Newsletter.
   How do we use your data?

   Yes! I would like to receive MAC Cosmetics marketing emails to enjoy
   the latest looks and launches, tips, trends, special offers and more.
   By checking this box, you accept that your e-mail address will be used
   to send you marketing newsletters and information about MAC Cosmetics
   products, events and offers. You can unsubscribe at any time by
   clicking on the unsubscribe link in each newsletter. For more
   information on MAC Cosmetics, a trading company of Estée Lauder
   Cosmetics Limited privacy practices, please see our Privacy Policy.

   Select Shade by Name
   Other
   Select Shade by Name

       Free standard delivery on every order over £20
       + Complimentary sample and free returns on all orders*
       Find your nearest MAC store
       M·A·C UNiDAYS
       CALLING ALL STUDENTS! GET 10% OFF
       Find out more

       FIND YOUR NEAREST M·A·C STORE HERE
       Find your nearest MAC store

     * OFFERS
     * OFFERS
     * STORES
     * STORES
     * Chat Live
     * CHAT

Need Help?

   Call Us

Your M·A·C Store

     * Find A Store / Event
     * Makeup Services

Customer Service

     * Contact Us
     * FAQs
     * Delivery Info
     * Return Policy
     * Cookie Settings
     * Offer Details
     * UNiDAYS

About Us

     * Our Story
     * M·A·C VIVA GLAM
     * M·A·C Pro Membership
     * Back to M·A·C
     * Careers
     * Animal Testing
     * Corporate Statements

Your Account

     * My M·A·C
     * Order Status
     * My Favourites

Gift Cards

     * Gift Cards
     * eGift Cards
     * Check Balance
     * Terms & Conditions

Connect

     *
     *
     *
     *
     *
     *

CHOOSE LOCATION

   United Kingdom

   /

     * Customer Service
          + Contact Us
          + FAQs
          + Order Status
          + Shipping Info
          + Cookie Settings
          + Return Policy
          + UNiDAYS
     * About Us
          + Our Story
          + M•A•C AIDS Fund
          + M•A•C Pro Membership
          + M•A•C Select Program
          + Back to M•A•C
          + Careers
          + Animal Testing
          + Corporate Statements
     * Find a Store
     * Makeup Services
     * Gift Cards
          + Gift Cards
          + EGift Cards
          + Check Balance
     * Sign Up For Email / Text
     * My M•A•C / Sign In

     *
     *
     *
     *
     *
     *

     * Privacy Policy
     * Cookie Settings
     * Terms & Conditions
     * Counterfeit Education
     * © Make-Up Art Cosmetics. All Worldwide Rights Reserved.

     * Privacy Policy
     * Terms & Conditions
     * Choose Location

   © Make-Up Art Cosmetics. All Worldwide Rights Reserved
   #alternate alternate alternate alternate alternate alternate alternate
   alternate alternate alternate alternate alternate alternate alternate
   alternate alternate alternate alternate alternate alternate alternate
   alternate alternate alternate alternate alternate alternate alternate
   alternate alternate alternate alternate alternate alternate alternate
   alternate alternate alternate alternate alternate alternate alternate
   alternate alternate alternate alternate alternate alternate alternate
   alternate alternate alternate alternate alternate alternate alternate
   alternate alternate alternate alternate alternate alternate

     * New Collections
          + (see node/1968)
     * Bestsellers
     * Primer + Skincare
          + Fix +
          + Primers
          + Moisturisers
          + Cleansers
          + Lip Care + Primer
     * Makeup
          + Lips
               o Lipstick
               o Lip Gloss
               o Lip Liner
               o Viva Glam
               o Lip Care + Primer
               o Lip Palettes + Kits
          + Face
               o Primer
               o Foundation
               o Concealer
               o Powder
               o Highlight + Contour
               o Blush
               o Face Palettes + Kits
          + Eyes
               o Eyeshadow
               o Eyeliner
               o Glitter + Pigment
               o Mascara + Lashes
               o Eyebrows
               o Eye Palettes + Kits
          + Pro Products
     * Brushes + Tools
          + Brushes
               o All Brushes
               o Face Brushes
               o Eye Brushes
               o Lip Brushes
          + Tools
               o Bags
               o Applicators
               o Accessories
               o Pro Palette
               o Containers
          + Pro Products
               o Brushes + Tools
     * Shop By Trend
          + ROKSANDA AW19 #MACBACKSTAGE
          + HALPERN AW19 #MACBACKSTAGE
          + #meetyourmatte Kissing Booth
          + #meetyourmatte
          + #powerlids
          + #aperfectblur
          + #Whatsyourthing
          + Theatre #macbackstage
          + Healthy Glow #MACglow
     * Mini M‧A‧C
     * Fragrance
     * Book a Service
     * Makeup Services
     * Find a Store
     * Offers
     * Gifting
          + Gift Guide
          + Custom Palette
          + Gift Cards
          + Check Balance
     * Inspiration
          + Share Your Look
          + Our Story
          + How To Videos
          + Our Artists
          + VIVA GLAM

     * WHAT'S NEW
          + (see node/14620)
     * Best Sellers
     * Face
          + Foundation
          + Powder
          + Primer
          + Concealer
          + Blush
          + Bronzer
          + Highlight + Contour
          + Face Palettes + Kits
     * Lips
          + Lipstick
          + Lip Pencil
          + Lip Gloss
          + Lip Care + Primer
          + Lip Palettes + Kits
          + VIVA GLAM
     * Eyes
          + Eyeshadow
          + Eyeliner
          + Glitter + Pigment
          + Mascara + Lashes
          + Eyebrows
          + Eye Palettes + Kits
     * Brushes + Tools
          + Brushes
               o All Brushes
               o Face Brushes
               o Lip Brushes
               o Eye Brushes
               o Brush Kits
          + Tools
               o All Tools
               o Bags
               o Applicators
               o Accessories
               o Containers
     * Skincare
          + Cleansers
          + Moisturisers
          + BB + CC
          + Travel Size
     * Mini M‧A‧C
     * Makeup Services
          + Book an Appointment
          + Service Menu
          + Find a Store
     * Gifting
          + Gift Guide
          + Gift Cards
          + Beauty Boxes
          + Customise
     * M‧A‧C PRO
          + PRO Team
               o Meet The Artists
               o M‧A‧C Pro X Theatre
          + PRO Products
               o All PRO
               o PRO Lips
               o PRO Face
               o PRO Eyes
               o PRO Palettes
               o PRO Brushes + Tools
          + PRO Scheme
               o Master Classes
               o Benefits
               o Apply
     * Fragrance
     * VIVA GLAM
     * Shop By Collection
          + Studio Fix
          + PREP + PRIME
          + MINERALIZE
          + Pro Longwear
     * Inspiration
          + #MACCOSMETICS
          + Trends
               o #MONOCHROMEMOMENT
               o #POWERLIDS
               o #APERFECTBLUR
               o #HEALTHY GLOW MACGLOW
          + VIVA GLAM
          + How To Videos
          + Our Story
     * Goodbyes

   See All UP CLOSE AND PERSONAL Extra Dimension Skinfinish Trios LOVE ME
   LIPSTICK

   RECEIVE A FREE SAMPLE WHEN YOU SPEND £25, 2 SAMPLES WHEN YOU SPEND £45,
   3 WHEN YOU SPEND £65! NEED INSPIRATION? SHOP BESTSELLERS.

MAC Cosmetics - Official Site MAC Cosmetics - Official Site

     Products
          + Makeup

Lips
               o Lipstick
               o Lip Gloss
               o Lip Liner
               o Lip Care + Primer
               o Lip Palettes + Kits
               o Viva Glam

Face
               o Primer
               o Foundation
               o Concealer
               o Face Powder
               o Bronzer
               o Blusher
               o Highlight + Contour
               o Face Palettes + Kits
               o Custom Palette

Eyes
               o All Eyes
               o Eyeshadow
               o Eyeliner
               o Eyebrows
               o Mascara + Lashes
               o Glitter + Pigment
               o Eye Palettes + Kits
               o Custom Palette

Pro Products
               o All Pro
          + Primer + Skincare
               o Fix +
               o Strobe
               o Primers
               o Cleansers
               o Moisturisers
               o BB + CC
               o Travel Size
            PERFECT YOUR LOOK<br>WITH PREP + PRIME</br>
            PERFECT YOUR LOOK
            WITH PREP + PRIME
            ILLUMINATE YOUR SKIN<br>WITH LIGHTFUL C</br>
            ILLUMINATE YOUR SKIN
            WITH LIGHTFUL C
          + Beauty Boxes
          + Mini M‧A‧C
          + Brushes + Tools

Brushes
               o Eye Brushes
               o Lip Brushes
               o Face Brushes
               o All Brushes
               o Brush Kits

Tools
               o Pro Palette
               o Containers
               o Applicators
               o Accessories
               o Bags

Pro Products
               o Brushes + Tools
            Pick Your Palette, <br>Choose Your Shades</br>
            Pick Your Palette,
            Choose Your Shades
          + TRENDS
               o ROKSANDA AW19 #MACBACKSTAGE
               o HALPERN AW19 #MACBACKSTAGE
               o #MEETYOURMATTE KISSING BOOTH
               o #MEETYOURMATTE
               o #MONOCHROMEMOMENT
               o #DISCOBALLKISS
               o #POWERLIDS
               o #APERFECTBLUR
               o #WHATSYOURTHING
               o THEATRE #MACBACKSTAGE
               o HEALTHY GLOW #MACGLOW


          + Gifting
               o Gift Guide
               o Custom Palette
               o Gift Cards
               o About Gift Cards
               o Check Balance

          + FRAGRANCE
     Bestsellers
     What's New
          + See all Collections
          + M‧A‧C X PONY PARK
          + VISUAL ARTS
          + AW19 LOOKBOOK
          + GET YOUR FIX
     FIND A STORE
     Services
     Inspiration
          + #MACCOSMETICS
          + How To Videos
          + OUR STORY
          + M·A·C VIVA GLAM
          + ARTISTS
     Fashion Week

     What's New
          + See all Collections
          + M‧A‧C X PONY PARK
          + VISUAL ARTS
          + AW19 LOOKBOOK
     Bestsellers
     Makeup
          + FACE
               o Foundation
               o Powder
               o Primer
               o Concealer
               o Blush
               o Bronzer
               o Face Brushes
               o Highlight + Contour
               o Face Palettes + Kits
          + LIPS
               o Lipstick
               o Lip Pencil
               o Lip Gloss
               o Lip Care + Primer
               o Lip Brushes
               o Lip Palettes + Kits
               o Viva Glam
          + EYES
               o Eyeshadow
               o Mascara + Lashes
               o Eyebrows
               o Eyeliner
               o Eye Brushes
               o Eye Palettes + Kits
               o Glitter + Pigment
          + Brushes + Tools
               o BRUSHES
               o BAGS
               o APPLICATORS
               o ACCESSORIES
               o CONTAINERS
          + More
               o GIFTING
               o CUSTOMISE
               o BEAUTY BOXES
               o FRAGRANCE
               o GIFT CARDS
               o GOODBYES
          + COLLECTIONS
               o MINI MAC
               o STUDIO FIX
               o PREP + PRIME
               o MINERALIZE
               o PRO LONGWEAR
     SKINCARE
          + CLEANSERS
          + MOISTURISERS
          + BB + CC
          + TRAVEL SIZE
     M·A·C PRO
          + PRO TEAM
               o MEET THE ARTISTS
               o M·A·C PRO x THEATRE
          + PRO PRODUCTS
               o ALL PRO
               o PRO LIPS
               o PRO FACE
               o PRO EYES
               o PRO PALETTES
               o PRO BRUSHES + TOOLS
          + PRO SCHEME
               o MASTER CLASSES
               o BENEFITS
               o APPLY
     Store Services
          + BOOK AN APPOINTMENT
          + SERVICE MENU
          + FIND A STORE
     Inspiration
          + HOW TO VIDEOS
          + TRENDS
               o MONOCHROME MOMENT
               o POWER LIDS
               o A PERFECT BLUR
               o MACGLOW
          + M·A·C VIVA GLAM
          + OUR STORY
          + #MACCOSMETICS

   ____________________ Submit
   0

   Edit
   Your Bag
   Added to Bag

   Subtotal
   Checkout

   ENJOY FREE DELIVERY ON ALL ORDERS !

FREE STANDARD DELIVERY ON ORDERS OVER £20 & FREE RETURNS

   Delivery offer valid on orders shipped to UK addresses (excluding the
   Channel Islands). Free Standard Delivery on orders over £20 and
   Returns* with any purchase. No offer code necessary. Upgrade to Named
   Day Delivery for £4.95 or Next Day Delivery for £6.50. Place order
   prior to 3:00 PM GMT for Next Day Delivery. Please note, we will
   deliver the goods in accordance with the delivery option selected by
   you during the order process.

   *For details on free returns, CLICK HERE.
   My
   M·A·C
   Sign In

   Sign In
   My M·A·C

   Don’t have an account? Register
   ____________________
   ____________________

   Forgot Your Password?
   Submit

or

   Please indicate that you accept the Terms and Conditions and Privacy
   Policy of the M·A·C Cosmetics site in order to sign-in with Facebook
   []
   [ ] By clicking “Continue with Facebook”, I agree to MAC Cosmetics’s
   Terms and Conditions and Privacy Policy.
   How do we use your data? By clicking "Continue with Facebook", you
   accept that your first name, last name, Birthday, Gender, Location, Age
   Range, and Relationship status will be used to create and manage your
   user account. Your email address may be collected if you choose to
   share with us your email address from your Facebook public profile, for
   this purpose. All other personal data available from your Facebook
   public profile will not be collected by MAC Cosmetics. If you disagree
   with the options offered by Facebook, please click on "create your
   account" without Facebook. You may request to access, rectify or delete
   your personal data by sending an email to infomac@macosmetics.co.uk.
   For more information on MAC Cosmetics, a trading company of Estée
   Lauder Cosmetics Limited privacy practices, your rights and how to
   exercise these rights, please see our Privacy Policy.

   By Checking this box, I agree to MAC Cosmetics Terms & Conditions and
   Privacy Policy
   [ ] Yes! I would like to receive the M·A·C COSMETICS ONLINE Newsletter.
   How do we use your data?

   Yes! I would like to receive MAC Cosmetics marketing emails to enjoy
   the latest looks and launches, tips, trends, special offers and more.
   By checking this box, you accept that your e-mail address will be used
   to send you marketing newsletters and information about MAC Cosmetics
   products, events and offers. You can unsubscribe at any time by
   clicking on the unsubscribe link in each newsletter. For more
   information on MAC Cosmetics, a trading company of Estée Lauder
   Cosmetics Limited privacy practices, please see our Privacy Policy.

     * My Account
     * Account Profile
     * Order History
     * Purchased Products
     * My Favourites
     * Sign Out

   FREE STANDARD DELIVERY ON £20+ ORDERS AND FREE RETURNS ON ALL ORDERS*
   See Details

   FREE STANDARD DELIVERY & RETURNS
   Delivery offer valid on orders shipped to UK addresses (excluding the
   Channel Islands). Free Standard Delivery on £20+ orders and free
   returns on all orders*. No offer code necessary. Upgrade to Named Day
   Delivery for £4.95 or Next Day Delivery for £6.50. Place order prior to
   3:00 PM GMT for Next Day Delivery. Please note, we will deliver the
   goods in accordance with the delivery option selected by you during the
   order process.

   *For details on free returns, CLICK HERE.
   SIGN ME UP

   Sign Me Up
   Thank You!

   Sign me up to hear from M•A•C Cosmetics about future products,
   services, events and special insider-only offers.

   ____________________
   ____________________
   [ ]

   Yes, I would like to receive SMS Messages with the latest news from MAC
   Cosmetics including special events, new product launches and exclusive
   offers.
   How do we use your data? Your email address will be used only to send
   you MAC Cosmetics newsletters and information about MAC Cosmetics
   products, events and offers. You can unsubscribe at any time by
   clicking on the unsubscribe link in each newsletter. For more
   information on MAC Cosmetics, a trading company of Estée Lauder
   Cosmetics Limited privacy practices please see our Privacy Policy.
   Submit

     You are currently signed in as:
   csr signout Session open for :
   Reset customer Customer Cart QuikSearch

Bestsellers


Matte Lipstick

   Creamy, Full Coverage, Matte Finish

   Shade: Velvet Teddy

   [matte]

   3g
   £17.50
   Temp Out of Stock
   Coming soon

   Shop 36 Shades
   3g
   £17.50
   Add to Bag
     * Notify Me!
       Temp Out of Stock
       Temp Out of Stock
     * Notify Me!
       Coming soon
     * Sorry, this item is inactive.
     * Sold Out
     *

   Shop 36 Shades

Lip Pencil

   Creamy, Professional, Artistry

   Shade: Spice

   1.45g
   £15.00
   Temp Out of Stock
   Coming soon

   Shop 34 Shades
   1.45g
   £15.00
   Add to Bag
     * Notify Me!
       Temp Out of Stock
       Temp Out of Stock
     * Notify Me!
       Coming soon
     * Sorry, this item is inactive.
     * Sold Out
     *

   Shop 34 Shades

Matte Lipstick

   Creamy, Full Coverage, Matte Finish

   Shade: Marrakesh

   [matte]

   3 g
   £17.50
   Temp Out of Stock
   Coming soon

   Shop 36 Shades
   3 g
   £17.50
   Add to Bag
     * Notify Me!
       Temp Out of Stock
       Temp Out of Stock
     * Notify Me!
       Coming soon
     * Sorry, this item is inactive.
     * Sold Out
     *

   Shop 36 Shades

Matte Lipstick

   Creamy, Full Coverage, Matte Finish

   Shade: Honeylove

   [matte]

   3 g
   £17.50
   Temp Out of Stock
   Coming soon

   Shop 36 Shades
   3 g
   £17.50
   Add to Bag
     * Notify Me!
       Temp Out of Stock
       Temp Out of Stock
     * Notify Me!
       Coming soon
     * Sorry, this item is inactive.
     * Sold Out
     *

   Shop 36 Shades

Prep + Prime Lip

   Hydrating, Prevents Feathering, Retexturizing

   1.7 g
   £15.00
   Temp Out of Stock
   Coming soon

   1.7 g
   £15.00
   Add to Bag
     * Notify Me!
       Temp Out of Stock
       Temp Out of Stock
     * Notify Me!
       Coming soon
     * Sorry, this item is inactive.
     * Sold Out
     *

   Shop Shades

Lip Pencil

   Creamy, Professional, Artistry

   Shade: Stripdown

   1.45 g
   £15.00
   Temp Out of Stock
   Coming soon

   Shop 34 Shades
   1.45 g
   £15.00
   Add to Bag
     * Notify Me!
       Temp Out of Stock
       Temp Out of Stock
     * Notify Me!
       Coming soon
     * Sorry, this item is inactive.
     * Sold Out
     *

   Shop 34 Shades

Matte Lipstick

   Creamy, Full Coverage, Matte Finish

   Shade: Whirl

   [matte]

   3g
   £17.50
   Temp Out of Stock
   Coming soon

   Shop 36 Shades
   3g
   £17.50
   Add to Bag
     * Notify Me!
       Temp Out of Stock
       Temp Out of Stock
     * Notify Me!
       Coming soon
     * Sorry, this item is inactive.
     * Sold Out
     *

   Shop 36 Shades

Studio Fix Fluid SPF 15 Foundation

   Full Coverage, Matte Finish, Controls Oil

   £27.00
   30ml - £9.00 / 10ml
   Temp Out of Stock
   Coming soon

   Shop 67 Shades
   30ml
   £27.00
   30ml - £9.00 / 10ml
   Add to Bag
     * Notify Me!
       Temp Out of Stock
       Temp Out of Stock
     * Notify Me!
       Coming soon
     * Sorry, this item is inactive.
     * Sold Out
     *

   Shop 67 Shades
     * N4
       Very fair beige with neutral undertones for light skin
       Temp Out of Stock
       Coming Soon
       Inactive
       Sold Out
     * N4.5
       fair beige with neutral undertones for light skin (neutral)
       Temp Out of Stock
       Coming Soon
       Inactive
       Sold Out
     * C55
       Rich brown with golden olive undertone for dark skin
       Temp Out of Stock
       Coming Soon
       Inactive
       Sold Out
     * NC10
       Very fair beige with neutral undertone for very fair skin
       Temp Out of Stock
       Coming Soon
       Inactive
       Sold Out
     * N4.75
       beige with neutral undertone for light skin (neutral)
       Temp Out of Stock
       Coming Soon
       Inactive
       Sold Out
     * N5
       Rosy beige with neutral undertones for light to medium skin
       Temp Out of Stock
       Coming Soon
       Inactive
       Sold Out
     * NW10
       Very fair beige with rosy undertone for fair skin
       Temp Out of Stock
       Coming Soon
       Inactive
       Sold Out
     * NC12
       fair beige with neutral undertone for fair skin (neutral-cool)
       Temp Out of Stock
       Coming Soon
       Inactive
       Sold Out
     * NC5
       very fair beige with golden undertone for very fair skin
       (neutral-cool)
       Temp Out of Stock
       Coming Soon
       Inactive
       Sold Out
     * NC13
       NC13
       Temp Out of Stock
       Coming Soon
       Inactive
       Sold Out
     * NC16
       Temp Out of Stock
       Coming Soon
       Inactive
       Sold Out
     * NW13
       Fair beige with neutral undertone for light skin
       Temp Out of Stock
       Coming Soon
       Inactive
       Sold Out
     * NC15
       Light beige with golden undertone for light skin
       Temp Out of Stock
       Coming Soon
       Inactive
       Sold Out
     * NW15
       Light beige with neutral undertone for light skin
       Temp Out of Stock
       Coming Soon
       Inactive
       Sold Out
     * NC17
       light beige with neutral undertone with light skin (neutral-cool)
       Temp Out of Stock
       Coming Soon
       Inactive
       Sold Out
     * NC18
       beige with neutral undertone with light skin (neutral-cool)
       Temp Out of Stock
       Coming Soon
       Inactive
       Sold Out
     * C4
       Light neutral golden with peachy undertone for light skin
       Temp Out of Stock
       Coming Soon
       Inactive
       Sold Out
     * NW18
       Beige with neutral undertone for light skin
       Temp Out of Stock
       Coming Soon
       Inactive
       Sold Out
     * N6
       true beige with neutral undertone for light to medium skin
       (neutral)
       Temp Out of Stock
       Coming Soon
       Inactive
       Sold Out
     * NC20
       Light beige with neutral golden undertone for light skin
       Temp Out of Stock
       Coming Soon
       Inactive
       Sold Out
     * NW20
       Warm neutral beige with rosy undertone for light to medium skin
       Temp Out of Stock
       Coming Soon
       Inactive
       Sold Out
     * N6.5
       peachy beige with neutral undertone for light to medium skin
       (neutral)
       Temp Out of Stock
       Coming Soon
       Inactive
       Sold Out
     * NW22
       Warm beige with rosy undertone for light to medium skin
       Temp Out of Stock
       Coming Soon
       Inactive
       Sold Out
     * NC38
       medium beige with peach undertone for medium skin (neutral-cool)
       Temp Out of Stock
       Coming Soon
       Inactive
       Sold Out
     * C45
       Medium beige with a olive undertone for medium skin
       Temp Out of Stock
       Coming Soon
       Inactive
       Sold Out
     * NC25
       Light beige with golden peach undertone for light skin
       Temp Out of Stock
       Coming Soon
       Inactive
       Sold Out
     * C40
       Light beige with neutral olive undertone for light skin
       Temp Out of Stock
       Coming Soon
       Inactive
       Sold Out
     * NC27
       beige with neutral undertone for light to medium skin
       (neutral-cool)
       Temp Out of Stock
       Coming Soon
       Inactive
       Sold Out
     * C3.5
       Light to medium beige with peachy undertone for light to medium
       skin
       Temp Out of Stock
       Coming Soon
       Inactive
       Sold Out
     * NW25
       Rosy beige with rosy undertone for light to medium skin
       Temp Out of Stock
       Coming Soon
       Inactive
       Sold Out
     * NC30
       Light to medium beige with golden undertone for light to medium
       skin
       Temp Out of Stock
       Coming Soon
       Inactive
       Sold Out
     * C4.5
       Tanned neutral beige with peach undertone for medium skin
       Temp Out of Stock
       Coming Soon
       Inactive
       Sold Out
     * C5
       Deep neutral peach with golden undertone for medium skin
       Temp Out of Stock
       Coming Soon
       Inactive
       Sold Out
     * NW30
       Medium beige with rosy undertone for medium skin
       Temp Out of Stock
       Coming Soon
       Inactive
       Sold Out
     * NW33
       Medium warm beige with rosy undertone for medium skin
       Temp Out of Stock
       Coming Soon
       Inactive
       Sold Out
     * NC35
       Light to medium beige with peachy golden undertone for medium skin
       Temp Out of Stock
       Coming Soon
       Inactive
       Sold Out
     * NW35
       Tawny beige with neutral undertone for medium skin
       Temp Out of Stock
       Coming Soon
       Inactive
       Sold Out
     * NC37
       Medium beige with neutral undertone for medium skin
       Temp Out of Stock
       Coming Soon
       Inactive
       Sold Out
     * NC40
       Medium beige with golden peach undertone for medium skin
       Temp Out of Stock
       Coming Soon
       Inactive
       Sold Out
     * NC41
       medium beige with neutral golden undertone for medium skin
       (neutral-cool)
       Temp Out of Stock
       Coming Soon
       Inactive
       Sold Out
     * NC43.5
       tanned beige with golden peach undertone for medium to dark skin
       (neutral-cool)
       Temp Out of Stock
       Coming Soon
       Inactive
       Sold Out
     * NC44.5
       medium beige with neutral golden undertone for medium skin
       (neutral-cool)
       Temp Out of Stock
       Coming Soon
       Inactive
       Sold Out
     * NC45.5
       tanned bronze with neutral undertone for dark skin (neutral-cool)
       Temp Out of Stock
       Coming Soon
       Inactive
       Sold Out
     * NC42
       True medium beige with golden undertone for medium skin
       Temp Out of Stock
       Coming Soon
       Inactive
       Sold Out
     * C5.5
       deep beige with neutral undertone for medium skin (cool)
       Temp Out of Stock
       Coming Soon
       Inactive
       Sold Out
     * NW40
       Toasted beige with rosy undertones for medium to dark skin
       Temp Out of Stock
       Coming Soon
       Inactive
       Sold Out
     * NW43
       Brick beige with rosy undertones for medium to dark skin
       Temp Out of Stock
       Coming Soon
       Inactive
       Sold Out
     * NC44
       Tanned caramel with golden undertone for medium to dark skin
       Temp Out of Stock
       Coming Soon
       Inactive
       Sold Out
     * NC45
       Bronze with golden undertone for dark skin
       Temp Out of Stock
       Coming Soon
       Inactive
       Sold Out
     * C8
       Deep olive with golden undertone for medium to dark skin
       Temp Out of Stock
       Coming Soon
       Inactive
       Sold Out
     * NC46
       Deep bronzed with neutral undertone for dark skin
       Temp Out of Stock
       Coming Soon
       Inactive
       Sold Out
     * NC47
       Deepest neutral with golden undertone for deep dark skin
       Temp Out of Stock
       Coming Soon
       Inactive
       Sold Out
     * NW44
       Rich tawny with neutral undertones for medium to dark skin
       Temp Out of Stock
       Coming Soon
       Inactive
       Sold Out
     * NW45
       Medium mahogany with rosy undertones for medium to dark skin
       Temp Out of Stock
       Coming Soon
       Inactive
       Sold Out
     * NW46
       Auburn with red undertones for dark skin
       Temp Out of Stock
       Coming Soon
       Inactive
       Sold Out
     * NW47
       Deep auburn with neutral undertones for dark skin
       Temp Out of Stock
       Coming Soon
       Inactive
       Sold Out
     * NC50
       Rich brown with golden undertone for deep dark skin
       Temp Out of Stock
       Coming Soon
       Inactive
       Sold Out
     * NC58
       Temp Out of Stock
       Coming Soon
       Inactive
       Sold Out
     * NC55
       Deep rich brown with golden undertone for deep dark skin
       Temp Out of Stock
       Coming Soon
       Inactive
       Sold Out
     * NW48
       Deep auburn with red undertones for dark skin
       Temp Out of Stock
       Coming Soon
       Inactive
       Sold Out
     * NW50
       Rich coffee with neutral undertone for dark skin
       Temp Out of Stock
       Coming Soon
       Inactive
       Sold Out
     * NW55
       Rich mahogany with neutral undertones for deep dark skin
       Temp Out of Stock
       Coming Soon
       Inactive
       Sold Out
     * NW53
       rich coffee with red undertone for dark skin (neutral-warm)
       Temp Out of Stock
       Coming Soon
       Inactive
       Sold Out
     * NW57
       rich mahogany with red undertones for deep dark skin (neutral-warm)
       Temp Out of Stock
       Coming Soon
       Inactive
       Sold Out
     * NW58
       Rich espresso with neutral undertones for deep dark skin
       Temp Out of Stock
       Coming Soon
       Inactive
       Sold Out
     * NW60
       Temp Out of Stock
       Coming Soon
       Inactive
       Sold Out
     * NC60
       rich coffee with neutral undertone for deep dark skin
       (neutral-cool)
       Temp Out of Stock
       Coming Soon
       Inactive
       Sold Out

   Preview Shades

Studio Fix Soft Matte Foundation Stick

   Medium Buildable Coverage, Natural Matte Finish, On-The-Go Foundation

   £27.00
   9g - £30.00 / 10g
   Temp Out of Stock
   Coming soon

   Shop 33 Shades
   9g
   £27.00
   9g - £30.00 / 10g
   Add to Bag
     * Notify Me!
       Temp Out of Stock
       Temp Out of Stock
     * Notify Me!
       Coming soon
     * Sorry, this item is inactive.
     * Sold Out
     *

   Shop 33 Shades
     * NC38
       Medium beige with peach undertone for medium skin
       Temp Out of Stock
       Coming Soon
       Inactive
       Sold Out
     * NW13
       Fair beige with neutral undertone for light skin
       Temp Out of Stock
       Coming Soon
       Inactive
       Sold Out
     * NC42
       True medium beige with golden undertone for medium skin
       Temp Out of Stock
       Coming Soon
       Inactive
       Sold Out
     * NW47
       Deep auburn with neutral undertones for dark skin
       Temp Out of Stock
       Coming Soon
       Inactive
       Sold Out
     * NW35
       Tawny beige with neutral undertone for medium skin
       Temp Out of Stock
       Coming Soon
       Inactive
       Sold Out
     * NC55
       Deep rich brown with golden undertone for deep dark skin
       Temp Out of Stock
       Coming Soon
       Inactive
       Sold Out
     * NC27
       Beige with neutral undertone for light to medium skin
       Temp Out of Stock
       Coming Soon
       Inactive
       Sold Out
     * NC25
       Light beige with golden peach undertone for light skin
       Temp Out of Stock
       Coming Soon
       Inactive
       Sold Out
     * NC17
       Light beige with neutral undertone with light skin
       Temp Out of Stock
       Coming Soon
       Inactive
       Sold Out
     * NC45
       Bronze with golden undertone for dark skin
       Temp Out of Stock
       Coming Soon
       Inactive
       Sold Out
     * NW55
       Rich mahogany with neutral undertones for deep dark skin
       Temp Out of Stock
       Coming Soon
       Inactive
       Sold Out
     * NW50
       Rich coffee with neutral undertone for dark skin
       Temp Out of Stock
       Coming Soon
       Inactive
       Sold Out
     * NC40
       Medium beige with golden peach undertone for medium skin
       Temp Out of Stock
       Coming Soon
       Inactive
       Sold Out
     * NW15
       Light beige with neutral undertone for light skin
       Temp Out of Stock
       Coming Soon
       Inactive
       Sold Out
     * NW20
       Warm neutral beige with rosy undertone for light to medium skin
       Temp Out of Stock
       Coming Soon
       Inactive
       Sold Out
     * NW60
       Rich espresso with red undertones for deep dark skin
       Temp Out of Stock
       Coming Soon
       Inactive
       Sold Out
     * NW43
       Brick beige with rosy undertones for medium to dark skin
       Temp Out of Stock
       Coming Soon
       Inactive
       Sold Out
     * NW30
       Medium beige with rosy undertone for medium skin
       Temp Out of Stock
       Coming Soon
       Inactive
       Sold Out
     * NC20
       Light beige with neutral golden undertone for light skin
       Temp Out of Stock
       Coming Soon
       Inactive
       Sold Out
     * NW18
       Beige with neutral undertone for light skin
       Temp Out of Stock
       Coming Soon
       Inactive
       Sold Out
     * NW45
       Medium mahogany with rosy undertones for medium to dark skin
       Temp Out of Stock
       Coming Soon
       Inactive
       Sold Out
     * NC18
       Beige with neutral undertone with light skin
       Temp Out of Stock
       Coming Soon
       Inactive
       Sold Out
     * NC15
       Light beige with golden undertone for light skin
       Temp Out of Stock
       Coming Soon
       Inactive
       Sold Out
     * NC50
       Rich brown with golden undertone for deep dark skin
       Temp Out of Stock
       Coming Soon
       Inactive
       Sold Out
     * NC30
       Light to medium beige with golden undertone for light to medium
       skin
       Temp Out of Stock
       Coming Soon
       Inactive
       Sold Out
     * NW25
       Rosy beige with rosy undertone for light to medium skin
       Temp Out of Stock
       Coming Soon
       Inactive
       Sold Out
     * NC44
       Tanned caramel with golden undertone for medium to dark skin
       Temp Out of Stock
       Coming Soon
       Inactive
       Sold Out
     * NC16
       Light beige with peachy undertone for light skin
       Temp Out of Stock
       Coming Soon
       Inactive
       Sold Out
     * NC13
       Fair beige with golden undertone for fair skin
       Temp Out of Stock
       Coming Soon
       Inactive
       Sold Out
     * NC60
       Rich coffee with neutral undertone for deep dark skin
       Temp Out of Stock
       Coming Soon
       Inactive
       Sold Out
     * NC37
       Medium beige with neutral undertone for medium skin
       Temp Out of Stock
       Coming Soon
       Inactive
       Sold Out
     * NW22
       Warm beige with rosy undertone for light to medium skin
       Temp Out of Stock
       Coming Soon
       Inactive
       Sold Out
     * NC35
       Light to medium beige with peachy golden undertone for medium skin
       Temp Out of Stock
       Coming Soon
       Inactive
       Sold Out

   Preview Shades

Mineralize Skinfinish

   Baked Minerals, Sheer Coverage, Highlighting

   Shade: Soft & Gentle

   10 g
   £26.50
   10 g - £26.50 / 10g
   Temp Out of Stock
   Coming soon

   Shop 5 Shades
   10 g
   £26.50
   10 g - £26.50 / 10g
   Add to Bag
     * Notify Me!
       Temp Out of Stock
       Temp Out of Stock
     * Notify Me!
       Coming soon
     * Sorry, this item is inactive.
     * Sold Out
     *

   Shop 5 Shades

Mineralize Skinfinish Natural

   Baked Minerals, Medium Coverage, Natural Finish

   Shade: Give Me Sun!

   10g
   £26.50
   10g - £26.50 / 10g
   Temp Out of Stock
   Coming soon

   Shop 15 Shades
   10g
   £26.50
   10g - £26.50 / 10g
   Add to Bag
     * Notify Me!
       Temp Out of Stock
       Temp Out of Stock
     * Notify Me!
       Coming soon
     * Sorry, this item is inactive.
     * Sold Out
     *

   Shop 15 Shades

Pro Longwear Concealer

   15-Hour Wear, Waterproof, Transfer-Resistant

   £19.50
   9ml - £21.67 / 10ml
   Temp Out of Stock
   Coming soon

   Shop 16 Shades
   9ml
   £19.50
   9ml - £21.67 / 10ml
   Add to Bag
     * Notify Me!
       Temp Out of Stock
       Temp Out of Stock
     * Notify Me!
       Coming soon
     * Sorry, this item is inactive.
     * Sold Out
     *

   Shop 16 Shades
     * NC15
       Temp Out of Stock
       Coming Soon
       Inactive
       Sold Out
     * NC20
       Temp Out of Stock
       Coming Soon
       Inactive
       Sold Out
     * NC25
       Temp Out of Stock
       Coming Soon
       Inactive
       Sold Out
     * NC30
       Temp Out of Stock
       Coming Soon
       Inactive
       Sold Out
     * NC35
       Temp Out of Stock
       Coming Soon
       Inactive
       Sold Out
     * NC42
       Temp Out of Stock
       Coming Soon
       Inactive
       Sold Out
     * NC45
       Temp Out of Stock
       Coming Soon
       Inactive
       Sold Out
     * NC50
       Temp Out of Stock
       Coming Soon
       Inactive
       Sold Out
     * NW15
       Temp Out of Stock
       Coming Soon
       Inactive
       Sold Out
     * NW20
       Temp Out of Stock
       Coming Soon
       Inactive
       Sold Out
     * NW25
       Temp Out of Stock
       Coming Soon
       Inactive
       Sold Out
     * NW30
       Temp Out of Stock
       Coming Soon
       Inactive
       Sold Out
     * NW35
       Temp Out of Stock
       Coming Soon
       Inactive
       Sold Out
     * NW40
       Temp Out of Stock
       Coming Soon
       Inactive
       Sold Out
     * NW45
       Temp Out of Stock
       Coming Soon
       Inactive
       Sold Out
     * NW50
       Temp Out of Stock
       Coming Soon
       Inactive
       Sold Out

   Preview Shades

Bronzing Powder

   Sheer Coverage, Natural Finish, Sun-Kissed

   £23.50
   10g - £23.50 / 10g
   Temp Out of Stock
   Coming soon

   Shop 4 Shades
   10g
   £23.50
   10g - £23.50 / 10g
   Add to Bag
     * Notify Me!
       Temp Out of Stock
       Temp Out of Stock
     * Notify Me!
       Coming soon
     * Sorry, this item is inactive.
     * Sold Out
     *

   Shop 4 Shades
     * Matte Bronze
       Bare shouldered bronze
       Temp Out of Stock
       Coming Soon
       Inactive
       Sold Out
     * Golden
       Muted golden tan-beige withshimmer
       Temp Out of Stock
       Coming Soon
       Inactive
       Sold Out
     * Bronze
       Muted bronze-brown with gold shimmer
       Temp Out of Stock
       Coming Soon
       Inactive
       Sold Out
     * Refined Golden
       Finely spun golden with soft pearl
       Temp Out of Stock
       Coming Soon
       Inactive
       Sold Out

   Preview Shades

Prep + Prime Transparent Finishing Powder

   Sets Makeup, Reduces Shine, For All Skin Tones

   8 g
   £23.50
   8 g - £29.38 / 10g
   Temp Out of Stock
   Coming soon

   8 g
   £23.50
   8 g - £29.38 / 10g
   Add to Bag
     * Notify Me!
       Temp Out of Stock
       Temp Out of Stock
     * Notify Me!
       Coming soon
     * Sorry, this item is inactive.
     * Sold Out
     *

   Shop Shades

Strobe Cream

   Hydrating, Clarifying, Luminising

   Shade: Goldlite

   50 ml
   £25.00
   50 ml - £5.00 / 10ml
   Temp Out of Stock
   Coming soon

   Shop 5 Shades
   50 ml
   £25.00
   50 ml - £5.00 / 10ml
   Add to Bag
     * Notify Me!
       Temp Out of Stock
       Temp Out of Stock
     * Notify Me!
       Coming soon
     * Sorry, this item is inactive.
     * Sold Out
     *

   Shop 5 Shades

Prep + Prime Fix+

   Hydrating, Refreshing, Finishes Makeup

   Shade: Original

   100 ml
   £21.00
   Temp Out of Stock
   Coming soon

   Shop 4 Shades
   100 ml
   £21.00
   Add to Bag
     * Notify Me!
       Temp Out of Stock
       Temp Out of Stock
     * Notify Me!
       Coming soon
     * Sorry, this item is inactive.
     * Sold Out
     *

   Shop 4 Shades

Prep + Prime Fix+ (Shimmer)

   Hydrating, Refreshing, Pearlescent Finish

   Shade: Goldlite

   100 ml
   £21.00
   Temp Out of Stock
   Coming soon

   Shop 2 Shades
   100 ml
   £21.00
   Add to Bag
     * Notify Me!
       Temp Out of Stock
       Temp Out of Stock
     * Notify Me!
       Coming soon
     * Sorry, this item is inactive.
     * Sold Out
     *

   Shop 2 Shades

Prep + Prime Skin

   Lightweight, Perfects Skin, Improves Radiance

   30 ml
   £23.00
   30 ml - £7.67 / 10ml
   Temp Out of Stock
   Coming soon

   30 ml
   £23.00
   30 ml - £7.67 / 10ml
   Add to Bag
     * Notify Me!
       Temp Out of Stock
       Temp Out of Stock
     * Notify Me!
       Coming soon
     * Sorry, this item is inactive.
     * Sold Out
     *

   Shop Shades

Prep + Prime Fix+ Mini M·A·C

   HYDRATING, REFRESHING, FINISHES MAKEUP

   30 ml
   £12.50
   30 ml - £41.67 / 100ml
   Temp Out of Stock
   Coming soon

   30 ml
   £12.50
   30 ml - £41.67 / 100ml
   Add to Bag
     * Notify Me!
       Temp Out of Stock
       Temp Out of Stock
     * Notify Me!
       Coming soon
     * Sorry, this item is inactive.
     * Sold Out
     *

   Shop Shades

Prep + Prime Fix+

   Hydrating, Refreshing, Finishes Makeup

   Shade: Coconut

   100ml
   £21.00
   100ml - £2.10 / 10ml
   Temp Out of Stock
   Coming soon

   Shop 4 Shades
   100ml
   £21.00
   100ml - £2.10 / 10ml
   Add to Bag
     * Notify Me!
       Temp Out of Stock
       Temp Out of Stock
     * Notify Me!
       Coming soon
     * Sorry, this item is inactive.
     * Sold Out
     *

   Shop 4 Shades

Prep + Prime Fix+ (Shimmer)

   Hydrating, Refreshing, Pearlescent Finish

   Shade: Pinklite

   100 ml
   £21.00
   Temp Out of Stock
   Coming soon

   Shop 2 Shades
   100 ml
   £21.00
   Add to Bag
     * Notify Me!
       Temp Out of Stock
       Temp Out of Stock
     * Notify Me!
       Coming soon
     * Sorry, this item is inactive.
     * Sold Out
     *

   Shop 2 Shades

Prep + Prime Fix+ Mattifying Mist

   Refreshing, Sets Makeup, Instantly Mattifies

   100 ml
   £21.00
   100 ml - £2.10 / 10ml
   Temp Out of Stock
   Coming soon

   100 ml
   £21.00
   100 ml - £2.10 / 10ml
   Add to Bag
     * Notify Me!
       Temp Out of Stock
       Temp Out of Stock
     * Notify Me!
       Coming soon
     * Sorry, this item is inactive.
     * Sold Out
     *

   Shop Shades

Prep + Prime Fix+

   Hydrating, Refreshing, Finishes Makeup

   Shade: Rose

   100ml
   £21.00
   100ml - £2.10 / 10ml
   Temp Out of Stock
   Coming soon

   Shop 4 Shades
   100ml
   £21.00
   100ml - £2.10 / 10ml
   Add to Bag
     * Notify Me!
       Temp Out of Stock
       Temp Out of Stock
     * Notify Me!
       Coming soon
     * Sorry, this item is inactive.
     * Sold Out
     *

   Shop 4 Shades

In Extreme Dimension 3D Black Lash Mascara

   3D Volume, Dramatic, Super Black

   13ml
   £20.00
   13ml - £15.38 / 10ml
   Temp Out of Stock
   Coming soon

   13ml
   £20.00
   13ml - £15.38 / 10ml
   Add to Bag
     * Notify Me!
       Temp Out of Stock
       Temp Out of Stock
     * Notify Me!
       Coming soon
     * Sorry, this item is inactive.
     * Sold Out
     *

   Shop Shades

Eye Brows Styler

   Precise Microfine Tip, 12-Hour Wear, Naturally Defined Look

   Shade: Spiked

   0.9 g
   £16.00
   Temp Out of Stock
   Coming soon

   Shop 8 Shades
   0.9 g
   £16.00
   Add to Bag
     * Notify Me!
       Temp Out of Stock
       Temp Out of Stock
     * Notify Me!
       Coming soon
     * Sorry, this item is inactive.
     * Sold Out
     *

   Shop 8 Shades

Eye Shadow x 9: Amber Times Nine

   Coordinated Ambers, Professional, Portable

   5.85 g
   £26.00
   5.85 g - £44.44 / 10g
   Temp Out of Stock
   Coming soon

   5.85 g
   £26.00
   5.85 g - £44.44 / 10g
   Add to Bag
     * Notify Me!
       Temp Out of Stock
       Temp Out of Stock
     * Notify Me!
       Coming soon
     * Sorry, this item is inactive.
     * Sold Out
     *

   Shop Shades

False Lashes Extreme Black Mascara

   Dramatically Lengthening, Volumizing, Super Black

   8g
   £20.00
   8g - £25.00 / 10g
   Temp Out of Stock
   Coming soon

   8g
   £20.00
   8g - £25.00 / 10g
   Add to Bag
     * Notify Me!
       Temp Out of Stock
       Temp Out of Stock
     * Notify Me!
       Coming soon
     * Sorry, this item is inactive.
     * Sold Out
     *

   Shop Shades

Extended Play Gigablack Lash Mascara

   Defining, Warm Water Washable, Super Black

   5.7g
   £16.50
   5.7g - £28.95 / 10g
   Temp Out of Stock
   Coming soon

   5.7g
   £16.50
   5.7g - £28.95 / 10g
   Add to Bag
     * Notify Me!
       Temp Out of Stock
       Temp Out of Stock
     * Notify Me!
       Coming soon
     * Sorry, this item is inactive.
     * Sold Out
     *

   Shop Shades

Eye Kohl

   Silky Formula, Rich Colour, Matte/Pearl Finish

   Shade: Teddy

   1.45g
   £15.00
   1.45g - £103.45 / 10g
   Temp Out of Stock
   Coming soon

   Shop 8 Shades
   1.45g
   £15.00
   1.45g - £103.45 / 10g
   Add to Bag
     * Notify Me!
       Temp Out of Stock
       Temp Out of Stock
     * Notify Me!
       Coming soon
     * Sorry, this item is inactive.
     * Sold Out
     *

   Shop 8 Shades

Eye Brows Styler

   Precise Microfine Tip, 12-Hour Wear, Naturally Defined Look

   Shade: Lingering

   0.9 g
   £16.00
   Temp Out of Stock
   Coming soon

   Shop 8 Shades
   0.9 g
   £16.00
   Add to Bag
     * Notify Me!
       Temp Out of Stock
       Temp Out of Stock
     * Notify Me!
       Coming soon
     * Sorry, this item is inactive.
     * Sold Out
     *

   Shop 8 Shades

Fluidline Brow Gelcreme

   Gel-Like Formula, Waterproof, Long-Wearing

   Shade: Deep Dark Brunette

   3g
   £17.50
   Temp Out of Stock
   Coming soon

   Shop 3 Shades
   3g
   £17.50
   Add to Bag
     * Notify Me!
       Temp Out of Stock
       Temp Out of Stock
     * Notify Me!
       Coming soon
     * Sorry, this item is inactive.
     * Sold Out
     *

   Shop 3 Shades

Foundation Pump

   Optional Pump, Easy Distribution, Self-Capping

   £5.00
   Temp Out of Stock
   Coming soon

   £5.00
   Add to Bag
     * Notify Me!
       Temp Out of Stock
       Temp Out of Stock
     * Notify Me!
       Coming soon
     * Sorry, this item is inactive.
     * Sold Out
     *

   Shop Shades

Brush Cleanser

   Cleansing, Disinfecting, Conditions Brushes

   233ml
   £12.50
   233ml - £5.36 / 100ml
   Temp Out of Stock
   Coming soon

   233ml
   £12.50
   233ml - £5.36 / 100ml
   Add to Bag
     * Notify Me!
       Temp Out of Stock
       Temp Out of Stock
     * Notify Me!
       Coming soon
     * Sorry, this item is inactive.
     * Sold Out
     *

   Shop Shades

266S Small Angle

   For All Formulas, Angled Tip, Lines Eyes

   £16.50
   Temp Out of Stock
   Coming soon

   £16.50
   Add to Bag
     * Notify Me!
       Temp Out of Stock
       Temp Out of Stock
     * Notify Me!
       Coming soon
     * Sorry, this item is inactive.
     * Sold Out
     *

   Shop Shades

190 Synthetic Foundation Brush

   For Foundation, Paddle-Shaped, Shades Face

   19.5cm
   £28.00
   Temp Out of Stock
   Coming soon

   19.5cm
   £28.00
   Add to Bag
     * Notify Me!
       Temp Out of Stock
       Temp Out of Stock
     * Notify Me!
       Coming soon
     * Sorry, this item is inactive.
     * Sold Out
     *

   Shop Shades

184S Duo Fibre Fan

   For Creams/Liquids, Fan-Shaped, Two Fibres

   £23.50
   Temp Out of Stock
   Coming soon

   £23.50
   Add to Bag
     * Notify Me!
       Temp Out of Stock
       Temp Out of Stock
     * Notify Me!
       Coming soon
     * Sorry, this item is inactive.
     * Sold Out
     *

   Shop Shades

168S Large Angled Contour

   For Powders, Slanted Tip, Contours Cheeks

   £28.00
   Temp Out of Stock
   Coming soon

   £28.00
   Add to Bag
     * Notify Me!
       Temp Out of Stock
       Temp Out of Stock
     * Notify Me!
       Coming soon
     * Sorry, this item is inactive.
     * Sold Out
     *

   Shop Shades

212 Synthetic Flat Definer Brush

   For All Formulas, Flat-Shaped, Defines Eyes

   6"/15cm
   £16.50
   Temp Out of Stock
   Coming soon

   6"/15cm
   £16.50
   Add to Bag
     * Notify Me!
       Temp Out of Stock
       Temp Out of Stock
     * Notify Me!
       Coming soon
     * Sorry, this item is inactive.
     * Sold Out
     *

   Shop Shades

224S Tapered Blending

   For Powders, Dome-Shaped, Blends Shadow

   £23.50
   Temp Out of Stock
   Coming soon

   £23.50
   Add to Bag
     * Notify Me!
       Temp Out of Stock
       Temp Out of Stock
     * Notify Me!
       Coming soon
     * Sorry, this item is inactive.
     * Sold Out
     *

   Shop Shades

Warm Palette Eye And Face

   Complete Face Palette, Warm Neutral Shades, Limited Edition

   £49.50
   Temp Out of Stock
   Coming soon

   12 Shadows: 1.3g, 1 Highlighter: 2.9g, 1 Blush: 2.
   £49.50
   Add to Bag
     * Notify Me!
       Temp Out of Stock
       Temp Out of Stock
     * Notify Me!
       Coming soon
     * Sorry, this item is inactive.
     * Sold Out
     *

   Shop Shades

Cool Palette Eye And Face

   Complete Face Palette, Cool Neutral Shades, Limited Edition

   £49.50
   Temp Out of Stock
   Coming soon

   12 Shadows: 1.3g, 1 Highlighter: 2.9g, 1 Blush: 2.
   £49.50
   Add to Bag
     * Notify Me!
       Temp Out of Stock
       Temp Out of Stock
     * Notify Me!
       Coming soon
     * Sorry, this item is inactive.
     * Sold Out
     *

   Shop Shades

Lip Haul Limited-Edition Lip Kit

   6 Lipsticks/Lipglasses, Neutral Shades, Limited Edition

   £49.50
   Temp Out of Stock
   Coming soon

   Lipstick /3g, Lipglass /3.1ml
   £49.50
   Add to Bag
     * Notify Me!
       Temp Out of Stock
       Temp Out of Stock
     * Notify Me!
       Coming soon
     * Sorry, this item is inactive.
     * Sold Out
     *

   Shop Shades

Brush With Fame Pro Brush Kit

   Complete Brush Kit, 5 Blending/Shading Brushes, Limited Edition

   £49.50
   Temp Out of Stock
   Coming soon

   £49.50
   Add to Bag
     * Notify Me!
       Temp Out of Stock
       Temp Out of Stock
     * Notify Me!
       Coming soon
     * Sorry, this item is inactive.
     * Sold Out
     *

   Shop Shades

       Free standard delivery on every order over £20
       + Complimentary sample and free returns on all orders*
       Find your nearest MAC store
       M·A·C UNiDAYS
       CALLING ALL STUDENTS! GET 10% OFF
       Find out more

       FIND YOUR NEAREST M·A·C STORE HERE
       Find your nearest MAC store

     * OFFERS
     * OFFERS
     * STORES
     * STORES
     * Chat Live
     * CHAT

Need Help?

   Call Us

Your M·A·C Store

     * Find A Store / Event
     * Makeup Services

Customer Service

     * Contact Us
     * FAQs
     * Delivery Info
     * Return Policy
     * Cookie Settings
     * Offer Details
     * UNiDAYS

About Us

     * Our Story
     * M·A·C VIVA GLAM
     * M·A·C Pro Membership
     * Back to M·A·C
     * Careers
     * Animal Testing
     * Corporate Statements

Your Account

     * My M·A·C
     * Order Status
     * My Favourites

Gift Cards

     * Gift Cards
     * eGift Cards
     * Check Balance
     * Terms & Conditions

Connect

     *
     *
     *
     *
     *
     *

CHOOSE LOCATION

   United Kingdom

   /

     * Customer Service
          + Contact Us
          + FAQs
          + Order Status
          + Shipping Info
          + Cookie Settings
          + Return Policy
          + UNiDAYS
     * About Us
          + Our Story
          + M•A•C AIDS Fund
          + M•A•C Pro Membership
          + M•A•C Select Program
          + Back to M•A•C
          + Careers
          + Animal Testing
          + Corporate Statements
     * Find a Store
     * Makeup Services
     * Gift Cards
          + Gift Cards
          + EGift Cards
          + Check Balance
     * Sign Up For Email / Text
     * My M•A•C / Sign In

     *
     *
     *
     *
     *
     *

     * Privacy Policy
     * Cookie Settings
     * Terms & Conditions
     * Counterfeit Education
     * © Make-Up Art Cosmetics. All Worldwide Rights Reserved.

     * Privacy Policy
     * Terms & Conditions
     * Choose Location

   © Make-Up Art Cosmetics. All Worldwide Rights Reserved
   #alternate alternate

     * New Collections
          + (see node/1968)
     * Bestsellers
     * Primer + Skincare
          + Fix +
          + Primers
          + Moisturisers
          + Cleansers
          + Lip Care + Primer
     * Makeup
          + Lips
               o Lipstick
               o Lip Gloss
               o Lip Liner
               o Viva Glam
               o Lip Care + Primer
               o Lip Palettes + Kits
          + Face
               o Primer
               o Foundation
               o Concealer
               o Powder
               o Highlight + Contour
               o Blush
               o Face Palettes + Kits
          + Eyes
               o Eyeshadow
               o Eyeliner
               o Glitter + Pigment
               o Mascara + Lashes
               o Eyebrows
               o Eye Palettes + Kits
          + Pro Products
     * Brushes + Tools
          + Brushes
               o All Brushes
               o Face Brushes
               o Eye Brushes
               o Lip Brushes
          + Tools
               o Bags
               o Applicators
               o Accessories
               o Pro Palette
               o Containers
          + Pro Products
               o Brushes + Tools
     * Shop By Trend
          + ROKSANDA AW19 #MACBACKSTAGE
          + HALPERN AW19 #MACBACKSTAGE
          + #meetyourmatte Kissing Booth
          + #meetyourmatte
          + #powerlids
          + #aperfectblur
          + #Whatsyourthing
          + Theatre #macbackstage
          + Healthy Glow #MACglow
     * Mini M‧A‧C
     * Fragrance
     * Book a Service
     * Makeup Services
     * Find a Store
     * Offers
     * Gifting
          + Gift Guide
          + Custom Palette
          + Gift Cards
          + Check Balance
     * Inspiration
          + Share Your Look
          + Our Story
          + How To Videos
          + Our Artists
          + VIVA GLAM

     * WHAT'S NEW
          + (see node/14620)
     * Best Sellers
     * Face
          + Foundation
          + Powder
          + Primer
          + Concealer
          + Blush
          + Bronzer
          + Highlight + Contour
          + Face Palettes + Kits
     * Lips
          + Lipstick
          + Lip Pencil
          + Lip Gloss
          + Lip Care + Primer
          + Lip Palettes + Kits
          + VIVA GLAM
     * Eyes
          + Eyeshadow
          + Eyeliner
          + Glitter + Pigment
          + Mascara + Lashes
          + Eyebrows
          + Eye Palettes + Kits
     * Brushes + Tools
          + Brushes
               o All Brushes
               o Face Brushes
               o Lip Brushes
               o Eye Brushes
               o Brush Kits
          + Tools
               o All Tools
               o Bags
               o Applicators
               o Accessories
               o Containers
     * Skincare
          + Cleansers
          + Moisturisers
          + BB + CC
          + Travel Size
     * Mini M‧A‧C
     * Makeup Services
          + Book an Appointment
          + Service Menu
          + Find a Store
     * Gifting
          + Gift Guide
          + Gift Cards
          + Beauty Boxes
          + Customise
     * M‧A‧C PRO
          + PRO Team
               o Meet The Artists
               o M‧A‧C Pro X Theatre
          + PRO Products
               o All PRO
               o PRO Lips
               o PRO Face
               o PRO Eyes
               o PRO Palettes
               o PRO Brushes + Tools
          + PRO Scheme
               o Master Classes
               o Benefits
               o Apply
     * Fragrance
     * VIVA GLAM
     * Shop By Collection
          + Studio Fix
          + PREP + PRIME
          + MINERALIZE
          + Pro Longwear
     * Inspiration
          + #MACCOSMETICS
          + Trends
               o #MONOCHROMEMOMENT
               o #POWERLIDS
               o #APERFECTBLUR
               o #HEALTHY GLOW MACGLOW
          + VIVA GLAM
          + How To Videos
          + Our Story
     * Goodbyes

   See All UP CLOSE AND PERSONAL Extra Dimension Skinfinish Trios LOVE ME
   LIPSTICK

   RECEIVE A FREE SAMPLE WHEN YOU SPEND £25, 2 SAMPLES WHEN YOU SPEND £45,
   3 WHEN YOU SPEND £65! NEED INSPIRATION? SHOP BESTSELLERS.

MAC Cosmetics - Official Site MAC Cosmetics - Official Site

     Products
          + Makeup

Lips
               o Lipstick
               o Lip Gloss
               o Lip Liner
               o Lip Care + Primer
               o Lip Palettes + Kits
               o Viva Glam

Face
               o Primer
               o Foundation
               o Concealer
               o Face Powder
               o Bronzer
               o Blusher
               o Highlight + Contour
               o Face Palettes + Kits
               o Custom Palette

Eyes
               o All Eyes
               o Eyeshadow
               o Eyeliner
               o Eyebrows
               o Mascara + Lashes
               o Glitter + Pigment
               o Eye Palettes + Kits
               o Custom Palette

Pro Products
               o All Pro
          + Primer + Skincare
               o Fix +
               o Strobe
               o Primers
               o Cleansers
               o Moisturisers
               o BB + CC
               o Travel Size
            PERFECT YOUR LOOK<br>WITH PREP + PRIME</br>
            PERFECT YOUR LOOK
            WITH PREP + PRIME
            ILLUMINATE YOUR SKIN<br>WITH LIGHTFUL C</br>
            ILLUMINATE YOUR SKIN
            WITH LIGHTFUL C
          + Beauty Boxes
          + Mini M‧A‧C
          + Brushes + Tools

Brushes
               o Eye Brushes
               o Lip Brushes
               o Face Brushes
               o All Brushes
               o Brush Kits

Tools
               o Pro Palette
               o Containers
               o Applicators
               o Accessories
               o Bags

Pro Products
               o Brushes + Tools
            Pick Your Palette, <br>Choose Your Shades</br>
            Pick Your Palette,
            Choose Your Shades
          + TRENDS
               o ROKSANDA AW19 #MACBACKSTAGE
               o HALPERN AW19 #MACBACKSTAGE
               o #MEETYOURMATTE KISSING BOOTH
               o #MEETYOURMATTE
               o #MONOCHROMEMOMENT
               o #DISCOBALLKISS
               o #POWERLIDS
               o #APERFECTBLUR
               o #WHATSYOURTHING
               o THEATRE #MACBACKSTAGE
               o HEALTHY GLOW #MACGLOW


          + Gifting
               o Gift Guide
               o Custom Palette
               o Gift Cards
               o About Gift Cards
               o Check Balance

          + FRAGRANCE
     Bestsellers
     What's New
          + See all Collections
          + M‧A‧C X PONY PARK
          + VISUAL ARTS
          + AW19 LOOKBOOK
          + GET YOUR FIX
     FIND A STORE
     Services
     Inspiration
          + #MACCOSMETICS
          + How To Videos
          + OUR STORY
          + M·A·C VIVA GLAM
          + ARTISTS
     Fashion Week

     What's New
          + See all Collections
          + M‧A‧C X PONY PARK
          + VISUAL ARTS
          + AW19 LOOKBOOK
     Bestsellers
     Makeup
          + FACE
               o Foundation
               o Powder
               o Primer
               o Concealer
               o Blush
               o Bronzer
               o Face Brushes
               o Highlight + Contour
               o Face Palettes + Kits
          + LIPS
               o Lipstick
               o Lip Pencil
               o Lip Gloss
               o Lip Care + Primer
               o Lip Brushes
               o Lip Palettes + Kits
               o Viva Glam
          + EYES
               o Eyeshadow
               o Mascara + Lashes
               o Eyebrows
               o Eyeliner
               o Eye Brushes
               o Eye Palettes + Kits
               o Glitter + Pigment
          + Brushes + Tools
               o BRUSHES
               o BAGS
               o APPLICATORS
               o ACCESSORIES
               o CONTAINERS
          + More
               o GIFTING
               o CUSTOMISE
               o BEAUTY BOXES
               o FRAGRANCE
               o GIFT CARDS
               o GOODBYES
          + COLLECTIONS
               o MINI MAC
               o STUDIO FIX
               o PREP + PRIME
               o MINERALIZE
               o PRO LONGWEAR
     SKINCARE
          + CLEANSERS
          + MOISTURISERS
          + BB + CC
          + TRAVEL SIZE
     M·A·C PRO
          + PRO TEAM
               o MEET THE ARTISTS
               o M·A·C PRO x THEATRE
          + PRO PRODUCTS
               o ALL PRO
               o PRO LIPS
               o PRO FACE
               o PRO EYES
               o PRO PALETTES
               o PRO BRUSHES + TOOLS
          + PRO SCHEME
               o MASTER CLASSES
               o BENEFITS
               o APPLY
     Store Services
          + BOOK AN APPOINTMENT
          + SERVICE MENU
          + FIND A STORE
     Inspiration
          + HOW TO VIDEOS
          + TRENDS
               o MONOCHROME MOMENT
               o POWER LIDS
               o A PERFECT BLUR
               o MACGLOW
          + M·A·C VIVA GLAM
          + OUR STORY
          + #MACCOSMETICS

   ____________________ Submit
   0

   Edit
   Your Bag
   Added to Bag

   Subtotal
   Checkout

   ENJOY FREE DELIVERY ON ALL ORDERS !

FREE STANDARD DELIVERY ON ORDERS OVER £20 & FREE RETURNS

   Delivery offer valid on orders shipped to UK addresses (excluding the
   Channel Islands). Free Standard Delivery on orders over £20 and
   Returns* with any purchase. No offer code necessary. Upgrade to Named
   Day Delivery for £4.95 or Next Day Delivery for £6.50. Place order
   prior to 3:00 PM GMT for Next Day Delivery. Please note, we will
   deliver the goods in accordance with the delivery option selected by
   you during the order process.

   *For details on free returns, CLICK HERE.
   My
   M·A·C
   Sign In

   Sign In
   My M·A·C

   Don’t have an account? Register
   ____________________
   ____________________

   Forgot Your Password?
   Submit

or

   Please indicate that you accept the Terms and Conditions and Privacy
   Policy of the M·A·C Cosmetics site in order to sign-in with Facebook
   []
   [ ] By clicking “Continue with Facebook”, I agree to MAC Cosmetics’s
   Terms and Conditions and Privacy Policy.
   How do we use your data? By clicking "Continue with Facebook", you
   accept that your first name, last name, Birthday, Gender, Location, Age
   Range, and Relationship status will be used to create and manage your
   user account. Your email address may be collected if you choose to
   share with us your email address from your Facebook public profile, for
   this purpose. All other personal data available from your Facebook
   public profile will not be collected by MAC Cosmetics. If you disagree
   with the options offered by Facebook, please click on "create your
   account" without Facebook. You may request to access, rectify or delete
   your personal data by sending an email to infomac@macosmetics.co.uk.
   For more information on MAC Cosmetics, a trading company of Estée
   Lauder Cosmetics Limited privacy practices, your rights and how to
   exercise these rights, please see our Privacy Policy.

   By Checking this box, I agree to MAC Cosmetics Terms & Conditions and
   Privacy Policy
   [ ] Yes! I would like to receive the M·A·C COSMETICS ONLINE Newsletter.
   How do we use your data?

   Yes! I would like to receive MAC Cosmetics marketing emails to enjoy
   the latest looks and launches, tips, trends, special offers and more.
   By checking this box, you accept that your e-mail address will be used
   to send you marketing newsletters and information about MAC Cosmetics
   products, events and offers. You can unsubscribe at any time by
   clicking on the unsubscribe link in each newsletter. For more
   information on MAC Cosmetics, a trading company of Estée Lauder
   Cosmetics Limited privacy practices, please see our Privacy Policy.

     * My Account
     * Account Profile
     * Order History
     * Purchased Products
     * My Favourites
     * Sign Out

   FREE STANDARD DELIVERY ON £20+ ORDERS AND FREE RETURNS ON ALL ORDERS*
   See Details

   FREE STANDARD DELIVERY & RETURNS
   Delivery offer valid on orders shipped to UK addresses (excluding the
   Channel Islands). Free Standard Delivery on £20+ orders and free
   returns on all orders*. No offer code necessary. Upgrade to Named Day
   Delivery for £4.95 or Next Day Delivery for £6.50. Place order prior to
   3:00 PM GMT for Next Day Delivery. Please note, we will deliver the
   goods in accordance with the delivery option selected by you during the
   order process.

   *For details on free returns, CLICK HERE.
   SIGN ME UP

   Sign Me Up
   Thank You!

   Sign me up to hear from M•A•C Cosmetics about future products,
   services, events and special insider-only offers.

   ____________________
   ____________________
   [ ]

   Yes, I would like to receive SMS Messages with the latest news from MAC
   Cosmetics including special events, new product launches and exclusive
   offers.
   How do we use your data? Your email address will be used only to send
   you MAC Cosmetics newsletters and information about MAC Cosmetics
   products, events and offers. You can unsubscribe at any time by
   clicking on the unsubscribe link in each newsletter. For more
   information on MAC Cosmetics, a trading company of Estée Lauder
   Cosmetics Limited privacy practices please see our Privacy Policy.
   Submit

     You are currently signed in as:
   csr signout Session open for :
   Reset customer Customer Cart QuikSearch

     * Lips /
     * Lip Pencil /
     * Lip Pencil

   Spice
   Pink cinnamon stick
     * Overview
     * Details
     * Swatches
     * Shade Names

   No Rating

Lip Pencil

A pencil in a wide range of colours designed for shaping, lining or filling
in lips.

   £15.00
   1.45g
   View All Colours
   filter by:
   (BUTTON) All (BUTTON) coral (BUTTON) nude (BUTTON) pink (BUTTON) plum
   (BUTTON) red
     * Spice
     * Rosy Rim
     * Lasting Sensation
     * Subculture
     * Oak
     * Stripdown
     * Whirl
     * Chicory
     * Auburn
     * Hover
     * Cork
     * Stone
     * Boldly Bare
     * Dervish
     * Cherry
     * Ruby Woo
     * Edge to Edge
     * Candy Yum-Yum
     * Talking Points
     * Soar
     * Magenta
     * Heroine
     * Nightingale
     * Brick
     * Beet
     * Plum
     * Vino
     * Mahogany
     * Burgundy
     * Half-Red
     * Chestnut
     * Nightmoth
     * Cyber World
     * Redd

   (BUTTON) (BUTTON)

Full Description

   A pencil designed for shaping, lining or filling in the lip. Lip
   Pencils have a smooth, creamy texture that is perfect for outlining
   lips or colouring them in. They are available in a wide selection of
   colours that each work well with many different lipstick shades.

Key Claims and Benefits

     * Features a smooth and creamy formula
     * Features a texture that won't skip or drag
     * Applies quickly and precisely

Usage

     * Apply before lipstick by lining your lips using the pencil tip for
       a defined lip look with long-lasting colour.
     * Try a shade slightly deeper than your lipstick and blend with a 316
       brush for a fuller lip look.

Ingredients

   Ingredients: C10-18 Triglycerides, Talc, Hydrogenated Vegetable Oil,
   Caprylic/Capric Triglyceride, Rhus Succedanea (Japan) Fruit Wax,
   Tocopherol, Ascorbyl Palmitate, [+/- Mica, Titanium Dioxide (Ci 77891),
   Iron Oxides (Ci 77491), Iron Oxides (Ci 77499), Iron Oxides (Ci 77492),
   Bismuth Oxychloride (Ci 77163), Blue 1 Lake (Ci 42090), Carmine (Ci
   75470), Manganese Violet (Ci 77742), Red 6 (Ci 15850), Red 21 (Ci
   45380), Red 30 (Ci 73360), Red 7 Lake (Ci 15850), Red 28 Lake (Ci
   45410), Yellow 5 Lake (Ci 19140), Yellow 6 Lake (Ci 15985)]

   Please be aware that ingredient lists may change or vary from time to
   time. Please refer to the ingredient list on the product package you
   receive for the most up to date list of ingredients.
     * Swatches
     * Shade Names

   Filter
   (BUTTON) All
   Colour
   (coral) (nude) (pink) (plum) (red)
   £15.00
     * Top Seller
     *
     *
     *
     *
     * Top Seller
     * Top Seller
     *
     *
     *
     *
     *
     * Top Seller
     *
     *
     * Top Seller
     *
     *
     *
     *
     *
     *
     *
     *
     *
     *
     *
     *
     *
     *
     *
     *
     *
     *

     * Swatches
     * Shade Names

   £15.00
     * Spice
     * Rosy Rim
     * Lasting Sensation
     * Subculture
     * Oak
     * Stripdown
     * Whirl
     * Chicory
     * Auburn
     * Hover
     * Cork
     * Stone
     * Boldly Bare
     * Dervish
     * Cherry
     * Ruby Woo
     * Edge to Edge
     * Candy Yum-Yum
     * Talking Points
     * Soar
     * Magenta
     * Heroine
     * Nightingale
     * Brick
     * Beet
     * Plum
     * Vino
     * Mahogany
     * Burgundy
     * Half-Red
     * Chestnut
     * Nightmoth
     * Cyber World
     * Redd

   Wishlist
   Added
   See Wishlist
   Add to Bag
   Temp Out of Stock
   Temp Out of Stock
   Coming soon
   Sorry, this item is inactive.
   Sold Out
   ENJOY FREE DELIVERY ON ALL ORDERS!

   ____________________
   (BUTTON)

   @maccosmetics

Social Skills

   Show us your favorite LEGENDARY looks! #MACSTYLE

   thought you might like...

You May Also Like

   Top Seller
   Temp Out of Stock
   Coming soon

Matte Lipstick

   £17.50
   3g
   Shop 36 Shades
   Temp Out of Stock
   Temp Out of Stock
   Coming soon
   Sorry, this item is inactive.
   Sold Out
   Temp Out of Stock
   Coming soon

Lipglass

   £16.00
   3.1 ml
   Shop 40 Shades
   Temp Out of Stock
   Temp Out of Stock
   Coming soon
   Sorry, this item is inactive.
   Sold Out
   Temp Out of Stock
   Coming soon

Prep + Prime Lip

   £15.00
   1.7 g
   Add to Bag
   Temp Out of Stock
   Temp Out of Stock
   Coming soon
   Sorry, this item is inactive.
   Sold Out
   Temp Out of Stock
   Coming soon

Lip Scrubtious

   £14.00
   15 ml
   £9.33 / 10ml
   Shop 2 Shades
   Temp Out of Stock
   Temp Out of Stock
   Coming soon
   Sorry, this item is inactive.
   Sold Out
   Product Ratings

Realest
Reviews

       Free standard delivery on every order over £20
       + Complimentary sample and free returns on all orders*
       Find your nearest MAC store
       M·A·C UNiDAYS
       CALLING ALL STUDENTS! GET 10% OFF
       Find out more

       FIND YOUR NEAREST M·A·C STORE HERE
       Find your nearest MAC store

     * OFFERS
     * OFFERS
     * STORES
     * STORES
     * Chat Live
     * CHAT

Need Help?

   Call Us

Your M·A·C Store

     * Find A Store / Event
     * Makeup Services

Customer Service

     * Contact Us
     * FAQs
     * Delivery Info
     * Return Policy
     * Cookie Settings
     * Offer Details
     * UNiDAYS

About Us

     * Our Story
     * M·A·C VIVA GLAM
     * M·A·C Pro Membership
     * Back to M·A·C
     * Careers
     * Animal Testing
     * Corporate Statements

Your Account

     * My M·A·C
     * Order Status
     * My Favourites

Gift Cards

     * Gift Cards
     * eGift Cards
     * Check Balance
     * Terms & Conditions

Connect

     *
     *
     *
     *
     *
     *

CHOOSE LOCATION

   United Kingdom

   /

     * Customer Service
          + Contact Us
          + FAQs
          + Order Status
          + Shipping Info
          + Cookie Settings
          + Return Policy
          + UNiDAYS
     * About Us
          + Our Story
          + M•A•C AIDS Fund
          + M•A•C Pro Membership
          + M•A•C Select Program
          + Back to M•A•C
          + Careers
          + Animal Testing
          + Corporate Statements
     * Find a Store
     * Makeup Services
     * Gift Cards
          + Gift Cards
          + EGift Cards
          + Check Balance
     * Sign Up For Email / Text
     * My M•A•C / Sign In

     *
     *
     *
     *
     *
     *

     * Privacy Policy
     * Cookie Settings
     * Terms & Conditions
     * Counterfeit Education
     * © Make-Up Art Cosmetics. All Worldwide Rights Reserved.

     * Privacy Policy
     * Terms & Conditions
     * Choose Location

   © Make-Up Art Cosmetics. All Worldwide Rights Reserved
   #alternate alternate

     * New Collections
          + (see node/1968)
     * Bestsellers
     * Primer + Skincare
          + Fix +
          + Primers
          + Moisturisers
          + Cleansers
          + Lip Care + Primer
     * Makeup
          + Lips
               o Lipstick
               o Lip Gloss
               o Lip Liner
               o Viva Glam
               o Lip Care + Primer
               o Lip Palettes + Kits
          + Face
               o Primer
               o Foundation
               o Concealer
               o Powder
               o Highlight + Contour
               o Blush
               o Face Palettes + Kits
          + Eyes
               o Eyeshadow
               o Eyeliner
               o Glitter + Pigment
               o Mascara + Lashes
               o Eyebrows
               o Eye Palettes + Kits
          + Pro Products
     * Brushes + Tools
          + Brushes
               o All Brushes
               o Face Brushes
               o Eye Brushes
               o Lip Brushes
          + Tools
               o Bags
               o Applicators
               o Accessories
               o Pro Palette
               o Containers
          + Pro Products
               o Brushes + Tools
     * Shop By Trend
          + ROKSANDA AW19 #MACBACKSTAGE
          + HALPERN AW19 #MACBACKSTAGE
          + #meetyourmatte Kissing Booth
          + #meetyourmatte
          + #powerlids
          + #aperfectblur
          + #Whatsyourthing
          + Theatre #macbackstage
          + Healthy Glow #MACglow
     * Mini M‧A‧C
     * Fragrance
     * Book a Service
     * Makeup Services
     * Find a Store
     * Offers
     * Gifting
          + Gift Guide
          + Custom Palette
          + Gift Cards
          + Check Balance
     * Inspiration
          + Share Your Look
          + Our Story
          + How To Videos
          + Our Artists
          + VIVA GLAM

     * WHAT'S NEW
          + (see node/14620)
     * Best Sellers
     * Face
          + Foundation
          + Powder
          + Primer
          + Concealer
          + Blush
          + Bronzer
          + Highlight + Contour
          + Face Palettes + Kits
     * Lips
          + Lipstick
          + Lip Pencil
          + Lip Gloss
          + Lip Care + Primer
          + Lip Palettes + Kits
          + VIVA GLAM
     * Eyes
          + Eyeshadow
          + Eyeliner
          + Glitter + Pigment
          + Mascara + Lashes
          + Eyebrows
          + Eye Palettes + Kits
     * Brushes + Tools
          + Brushes
               o All Brushes
               o Face Brushes
               o Lip Brushes
               o Eye Brushes
               o Brush Kits
          + Tools
               o All Tools
               o Bags
               o Applicators
               o Accessories
               o Containers
     * Skincare
          + Cleansers
          + Moisturisers
          + BB + CC
          + Travel Size
     * Mini M‧A‧C
     * Makeup Services
          + Book an Appointment
          + Service Menu
          + Find a Store
     * Gifting
          + Gift Guide
          + Gift Cards
          + Beauty Boxes
          + Customise
     * M‧A‧C PRO
          + PRO Team
               o Meet The Artists
               o M‧A‧C Pro X Theatre
          + PRO Products
               o All PRO
               o PRO Lips
               o PRO Face
               o PRO Eyes
               o PRO Palettes
               o PRO Brushes + Tools
          + PRO Scheme
               o Master Classes
               o Benefits
               o Apply
     * Fragrance
     * VIVA GLAM
     * Shop By Collection
          + Studio Fix
          + PREP + PRIME
          + MINERALIZE
          + Pro Longwear
     * Inspiration
          + #MACCOSMETICS
          + Trends
               o #MONOCHROMEMOMENT
               o #POWERLIDS
               o #APERFECTBLUR
               o #HEALTHY GLOW MACGLOW
          + VIVA GLAM
          + How To Videos
          + Our Story
     * Goodbyes

   See All UP CLOSE AND PERSONAL Extra Dimension Skinfinish Trios LOVE ME
   LIPSTICK

   RECEIVE A FREE SAMPLE WHEN YOU SPEND £25, 2 SAMPLES WHEN YOU SPEND £45,
   3 WHEN YOU SPEND £65! NEED INSPIRATION? SHOP BESTSELLERS.

MAC Cosmetics - Official Site MAC Cosmetics - Official Site

     Products
          + Makeup

Lips
               o Lipstick
               o Lip Gloss
               o Lip Liner
               o Lip Care + Primer
               o Lip Palettes + Kits
               o Viva Glam

Face
               o Primer
               o Foundation
               o Concealer
               o Face Powder
               o Bronzer
               o Blusher
               o Highlight + Contour
               o Face Palettes + Kits
               o Custom Palette

Eyes
               o All Eyes
               o Eyeshadow
               o Eyeliner
               o Eyebrows
               o Mascara + Lashes
               o Glitter + Pigment
               o Eye Palettes + Kits
               o Custom Palette

Pro Products
               o All Pro
          + Primer + Skincare
               o Fix +
               o Strobe
               o Primers
               o Cleansers
               o Moisturisers
               o BB + CC
               o Travel Size
            PERFECT YOUR LOOK<br>WITH PREP + PRIME</br>
            PERFECT YOUR LOOK
            WITH PREP + PRIME
            ILLUMINATE YOUR SKIN<br>WITH LIGHTFUL C</br>
            ILLUMINATE YOUR SKIN
            WITH LIGHTFUL C
          + Beauty Boxes
          + Mini M‧A‧C
          + Brushes + Tools

Brushes
               o Eye Brushes
               o Lip Brushes
               o Face Brushes
               o All Brushes
               o Brush Kits

Tools
               o Pro Palette
               o Containers
               o Applicators
               o Accessories
               o Bags

Pro Products
               o Brushes + Tools
            Pick Your Palette, <br>Choose Your Shades</br>
            Pick Your Palette,
            Choose Your Shades
          + TRENDS
               o ROKSANDA AW19 #MACBACKSTAGE
               o HALPERN AW19 #MACBACKSTAGE
               o #MEETYOURMATTE KISSING BOOTH
               o #MEETYOURMATTE
               o #MONOCHROMEMOMENT
               o #DISCOBALLKISS
               o #POWERLIDS
               o #APERFECTBLUR
               o #WHATSYOURTHING
               o THEATRE #MACBACKSTAGE
               o HEALTHY GLOW #MACGLOW


          + Gifting
               o Gift Guide
               o Custom Palette
               o Gift Cards
               o About Gift Cards
               o Check Balance

          + FRAGRANCE
     Bestsellers
     What's New
          + See all Collections
          + M‧A‧C X PONY PARK
          + VISUAL ARTS
          + AW19 LOOKBOOK
          + GET YOUR FIX
     FIND A STORE
     Services
     Inspiration
          + #MACCOSMETICS
          + How To Videos
          + OUR STORY
          + M·A·C VIVA GLAM
          + ARTISTS
     Fashion Week

     What's New
          + See all Collections
          + M‧A‧C X PONY PARK
          + VISUAL ARTS
          + AW19 LOOKBOOK
     Bestsellers
     Makeup
          + FACE
               o Foundation
               o Powder
               o Primer
               o Concealer
               o Blush
               o Bronzer
               o Face Brushes
               o Highlight + Contour
               o Face Palettes + Kits
          + LIPS
               o Lipstick
               o Lip Pencil
               o Lip Gloss
               o Lip Care + Primer
               o Lip Brushes
               o Lip Palettes + Kits
               o Viva Glam
          + EYES
               o Eyeshadow
               o Mascara + Lashes
               o Eyebrows
               o Eyeliner
               o Eye Brushes
               o Eye Palettes + Kits
               o Glitter + Pigment
          + Brushes + Tools
               o BRUSHES
               o BAGS
               o APPLICATORS
               o ACCESSORIES
               o CONTAINERS
          + More
               o GIFTING
               o CUSTOMISE
               o BEAUTY BOXES
               o FRAGRANCE
               o GIFT CARDS
               o GOODBYES
          + COLLECTIONS
               o MINI MAC
               o STUDIO FIX
               o PREP + PRIME
               o MINERALIZE
               o PRO LONGWEAR
     SKINCARE
          + CLEANSERS
          + MOISTURISERS
          + BB + CC
          + TRAVEL SIZE
     M·A·C PRO
          + PRO TEAM
               o MEET THE ARTISTS
               o M·A·C PRO x THEATRE
          + PRO PRODUCTS
               o ALL PRO
               o PRO LIPS
               o PRO FACE
               o PRO EYES
               o PRO PALETTES
               o PRO BRUSHES + TOOLS
          + PRO SCHEME
               o MASTER CLASSES
               o BENEFITS
               o APPLY
     Store Services
          + BOOK AN APPOINTMENT
          + SERVICE MENU
          + FIND A STORE
     Inspiration
          + HOW TO VIDEOS
          + TRENDS
               o MONOCHROME MOMENT
               o POWER LIDS
               o A PERFECT BLUR
               o MACGLOW
          + M·A·C VIVA GLAM
          + OUR STORY
          + #MACCOSMETICS

   ____________________ Submit
   0

   Edit
   Your Bag
   Added to Bag

   Subtotal
   Checkout

   ENJOY FREE DELIVERY ON ALL ORDERS !

FREE STANDARD DELIVERY ON ORDERS OVER £20 & FREE RETURNS

   Delivery offer valid on orders shipped to UK addresses (excluding the
   Channel Islands). Free Standard Delivery on orders over £20 and
   Returns* with any purchase. No offer code necessary. Upgrade to Named
   Day Delivery for £4.95 or Next Day Delivery for £6.50. Place order
   prior to 3:00 PM GMT for Next Day Delivery. Please note, we will
   deliver the goods in accordance with the delivery option selected by
   you during the order process.

   *For details on free returns, CLICK HERE.
   My
   M·A·C
   Sign In

   Sign In
   My M·A·C

   Don’t have an account? Register
   ____________________
   ____________________

   Forgot Your Password?
   Submit

or

   Please indicate that you accept the Terms and Conditions and Privacy
   Policy of the M·A·C Cosmetics site in order to sign-in with Facebook
   []
   [ ] By clicking “Continue with Facebook”, I agree to MAC Cosmetics’s
   Terms and Conditions and Privacy Policy.
   How do we use your data? By clicking "Continue with Facebook", you
   accept that your first name, last name, Birthday, Gender, Location, Age
   Range, and Relationship status will be used to create and manage your
   user account. Your email address may be collected if you choose to
   share with us your email address from your Facebook public profile, for
   this purpose. All other personal data available from your Facebook
   public profile will not be collected by MAC Cosmetics. If you disagree
   with the options offered by Facebook, please click on "create your
   account" without Facebook. You may request to access, rectify or delete
   your personal data by sending an email to infomac@macosmetics.co.uk.
   For more information on MAC Cosmetics, a trading company of Estée
   Lauder Cosmetics Limited privacy practices, your rights and how to
   exercise these rights, please see our Privacy Policy.

   By Checking this box, I agree to MAC Cosmetics Terms & Conditions and
   Privacy Policy
   [ ] Yes! I would like to receive the M·A·C COSMETICS ONLINE Newsletter.
   How do we use your data?

   Yes! I would like to receive MAC Cosmetics marketing emails to enjoy
   the latest looks and launches, tips, trends, special offers and more.
   By checking this box, you accept that your e-mail address will be used
   to send you marketing newsletters and information about MAC Cosmetics
   products, events and offers. You can unsubscribe at any time by
   clicking on the unsubscribe link in each newsletter. For more
   information on MAC Cosmetics, a trading company of Estée Lauder
   Cosmetics Limited privacy practices, please see our Privacy Policy.

     * My Account
     * Account Profile
     * Order History
     * Purchased Products
     * My Favourites
     * Sign Out

   FREE STANDARD DELIVERY ON £20+ ORDERS AND FREE RETURNS ON ALL ORDERS*
   See Details

   FREE STANDARD DELIVERY & RETURNS
   Delivery offer valid on orders shipped to UK addresses (excluding the
   Channel Islands). Free Standard Delivery on £20+ orders and free
   returns on all orders*. No offer code necessary. Upgrade to Named Day
   Delivery for £4.95 or Next Day Delivery for £6.50. Place order prior to
   3:00 PM GMT for Next Day Delivery. Please note, we will deliver the
   goods in accordance with the delivery option selected by you during the
   order process.

   *For details on free returns, CLICK HERE.
   SIGN ME UP

   Sign Me Up
   Thank You!

   Sign me up to hear from M•A•C Cosmetics about future products,
   services, events and special insider-only offers.

   ____________________
   ____________________
   [ ]

   Yes, I would like to receive SMS Messages with the latest news from MAC
   Cosmetics including special events, new product launches and exclusive
   offers.
   How do we use your data? Your email address will be used only to send
   you MAC Cosmetics newsletters and information about MAC Cosmetics
   products, events and offers. You can unsubscribe at any time by
   clicking on the unsubscribe link in each newsletter. For more
   information on MAC Cosmetics, a trading company of Estée Lauder
   Cosmetics Limited privacy practices please see our Privacy Policy.
   Submit

     You are currently signed in as:
   csr signout Session open for :
   Reset customer Customer Cart QuikSearch

     * Eyes /
     * Eyeliner /
     * Liquid Eye Liner

   Boot Black
   Intense black
     * Overview
     * Details

   No Rating

Liquid Eye Liner

A liner ideal for creating graphic designs anywhere on the face and body.

   £17.50
   2.5ml
   £70.00 / 10ml
     * Boot Black

   (BUTTON) (BUTTON)

Full Description

   A liquid eye liner packaged with a unique applicator for precise
   application. Liquid Eye Liner is the perfect product for lining and
   defining the eyes. Use it to subtly enhance or create bold lines.
   Because it's ideal for creating graphic designs anywhere on the face
   and body, don't limit the use to the eye area. The firm, tapered tip of
   the applicator is easy to control and allows for a quick and precise
   application. Long-wearing, smudge-resistant and can be easily removed
   with Pro Eye Makeup Remover.

Key Claims and Benefits

     * Long-wearing
     * Smudge-resistant
     * Ophthalmologist tested
     * Safe for contact lens wearers

Usage

     * Apply to lid directly.

Ingredients

   Ingredients: Water\Aqua\Eau, Butylene Glycol, Cellulose, Xanthan Gum,
   Magnesium Aluminum Silicate, Hectorite, Glyceryl Stearate,
   Acrylates/C10-30 Alkyl Acrylate Crosspolymer, Oleyl Alcohol,
   Ethylhexylglycerin, Sodium Citrate, Pentylene Glycol, Sodium Hydroxide,
   Sodium Stearate, Phenoxyethanol, [+/- Mica, Titanium Dioxide (Ci
   77891), Iron Oxides (Ci 77491, Ci 77492, Ci 77499), Blue 1 Lake (Ci
   42090), Carmine (Ci 75470), Chromium Hydroxide Green (Ci 77289),
   Chromium Oxide Greens (Ci 77288), Ferric Ferrocyanide (Ci 77510),
   Ultramarines (Ci 77007), Yellow 5 Lake (Ci 19140)]

   Please be aware that ingredient lists may change or vary from time to
   time. Please refer to the ingredient list on the product package you
   receive for the most up to date list of ingredients.
   Wishlist
   Added
   See Wishlist
   Add to Bag
   Temp Out of Stock
   Temp Out of Stock
   Coming soon
   Sorry, this item is inactive.
   Sold Out
   ENJOY FREE DELIVERY ON ALL ORDERS!

   ____________________
   (BUTTON)

   @maccosmetics

Social Skills

   Show us your favorite LEGENDARY looks! #MACSTYLE

   thought you might like...

You May Also Like

   Temp Out of Stock
   Coming soon

Prep + Prime 24-Hour Extend Eye Base

   £16.50
   12 ml
   £13.75 / 10ml
   Add to Bag
   Temp Out of Stock
   Temp Out of Stock
   Coming soon
   Sorry, this item is inactive.
   Sold Out
   Temp Out of Stock
   Coming soon

Pro Longwear Paint Pot

   £16.50
   5g
   £33.00 / 10g
   Shop 6 Shades
   Temp Out of Stock
   Temp Out of Stock
   Coming soon
   Sorry, this item is inactive.
   Sold Out
   Temp Out of Stock
   Coming soon

In Extreme Dimension 3D Black Lash Mascara

   £20.00
   13ml
   £15.38 / 10ml
   Add to Bag
   Temp Out of Stock
   Temp Out of Stock
   Coming soon
   Sorry, this item is inactive.
   Sold Out
   Temp Out of Stock
   Coming soon

Eye Brows Styler

   £16.00
   0.9 g
   Shop 8 Shades
   Temp Out of Stock
   Temp Out of Stock
   Coming soon
   Sorry, this item is inactive.
   Sold Out
   Product Ratings

Realest
Reviews

       Free standard delivery on every order over £20
       + Complimentary sample and free returns on all orders*
       Find your nearest MAC store
       M·A·C UNiDAYS
       CALLING ALL STUDENTS! GET 10% OFF
       Find out more

       FIND YOUR NEAREST M·A·C STORE HERE
       Find your nearest MAC store

     * OFFERS
     * OFFERS
     * STORES
     * STORES
     * Chat Live
     * CHAT

Need Help?

   Call Us

Your M·A·C Store

     * Find A Store / Event
     * Makeup Services

Customer Service

     * Contact Us
     * FAQs
     * Delivery Info
     * Return Policy
     * Cookie Settings
     * Offer Details
     * UNiDAYS

About Us

     * Our Story
     * M·A·C VIVA GLAM
     * M·A·C Pro Membership
     * Back to M·A·C
     * Careers
     * Animal Testing
     * Corporate Statements

Your Account

     * My M·A·C
     * Order Status
     * My Favourites

Gift Cards

     * Gift Cards
     * eGift Cards
     * Check Balance
     * Terms & Conditions

Connect

     *
     *
     *
     *
     *
     *

CHOOSE LOCATION

   United Kingdom

   /

     * Customer Service
          + Contact Us
          + FAQs
          + Order Status
          + Shipping Info
          + Cookie Settings
          + Return Policy
          + UNiDAYS
     * About Us
          + Our Story
          + M•A•C AIDS Fund
          + M•A•C Pro Membership
          + M•A•C Select Program
          + Back to M•A•C
          + Careers
          + Animal Testing
          + Corporate Statements
     * Find a Store
     * Makeup Services
     * Gift Cards
          + Gift Cards
          + EGift Cards
          + Check Balance
     * Sign Up For Email / Text
     * My M•A•C / Sign In

     *
     *
     *
     *
     *
     *

     * Privacy Policy
     * Cookie Settings
     * Terms & Conditions
     * Counterfeit Education
     * © Make-Up Art Cosmetics. All Worldwide Rights Reserved.

     * Privacy Policy
     * Terms & Conditions
     * Choose Location

   © Make-Up Art Cosmetics. All Worldwide Rights Reserved
   #alternate alternate

     * New Collections
          + (see node/1968)
     * Bestsellers
     * Primer + Skincare
          + Fix +
          + Primers
          + Moisturisers
          + Cleansers
          + Lip Care + Primer
     * Makeup
          + Lips
               o Lipstick
               o Lip Gloss
               o Lip Liner
               o Viva Glam
               o Lip Care + Primer
               o Lip Palettes + Kits
          + Face
               o Primer
               o Foundation
               o Concealer
               o Powder
               o Highlight + Contour
               o Blush
               o Face Palettes + Kits
          + Eyes
               o Eyeshadow
               o Eyeliner
               o Glitter + Pigment
               o Mascara + Lashes
               o Eyebrows
               o Eye Palettes + Kits
          + Pro Products
     * Brushes + Tools
          + Brushes
               o All Brushes
               o Face Brushes
               o Eye Brushes
               o Lip Brushes
          + Tools
               o Bags
               o Applicators
               o Accessories
               o Pro Palette
               o Containers
          + Pro Products
               o Brushes + Tools
     * Shop By Trend
          + ROKSANDA AW19 #MACBACKSTAGE
          + HALPERN AW19 #MACBACKSTAGE
          + #meetyourmatte Kissing Booth
          + #meetyourmatte
          + #powerlids
          + #aperfectblur
          + #Whatsyourthing
          + Theatre #macbackstage
          + Healthy Glow #MACglow
     * Mini M‧A‧C
     * Fragrance
     * Book a Service
     * Makeup Services
     * Find a Store
     * Offers
     * Gifting
          + Gift Guide
          + Custom Palette
          + Gift Cards
          + Check Balance
     * Inspiration
          + Share Your Look
          + Our Story
          + How To Videos
          + Our Artists
          + VIVA GLAM

     * WHAT'S NEW
          + (see node/14620)
     * Best Sellers
     * Face
          + Foundation
          + Powder
          + Primer
          + Concealer
          + Blush
          + Bronzer
          + Highlight + Contour
          + Face Palettes + Kits
     * Lips
          + Lipstick
          + Lip Pencil
          + Lip Gloss
          + Lip Care + Primer
          + Lip Palettes + Kits
          + VIVA GLAM
     * Eyes
          + Eyeshadow
          + Eyeliner
          + Glitter + Pigment
          + Mascara + Lashes
          + Eyebrows
          + Eye Palettes + Kits
     * Brushes + Tools
          + Brushes
               o All Brushes
               o Face Brushes
               o Lip Brushes
               o Eye Brushes
               o Brush Kits
          + Tools
               o All Tools
               o Bags
               o Applicators
               o Accessories
               o Containers
     * Skincare
          + Cleansers
          + Moisturisers
          + BB + CC
          + Travel Size
     * Mini M‧A‧C
     * Makeup Services
          + Book an Appointment
          + Service Menu
          + Find a Store
     * Gifting
          + Gift Guide
          + Gift Cards
          + Beauty Boxes
          + Customise
     * M‧A‧C PRO
          + PRO Team
               o Meet The Artists
               o M‧A‧C Pro X Theatre
          + PRO Products
               o All PRO
               o PRO Lips
               o PRO Face
               o PRO Eyes
               o PRO Palettes
               o PRO Brushes + Tools
          + PRO Scheme
               o Master Classes
               o Benefits
               o Apply
     * Fragrance
     * VIVA GLAM
     * Shop By Collection
          + Studio Fix
          + PREP + PRIME
          + MINERALIZE
          + Pro Longwear
     * Inspiration
          + #MACCOSMETICS
          + Trends
               o #MONOCHROMEMOMENT
               o #POWERLIDS
               o #APERFECTBLUR
               o #HEALTHY GLOW MACGLOW
          + VIVA GLAM
          + How To Videos
          + Our Story
     * Goodbyes

   See All UP CLOSE AND PERSONAL Extra Dimension Skinfinish Trios LOVE ME
   LIPSTICK

   RECEIVE A FREE SAMPLE WHEN YOU SPEND £25, 2 SAMPLES WHEN YOU SPEND £45,
   3 WHEN YOU SPEND £65! NEED INSPIRATION? SHOP BESTSELLERS.

MAC Cosmetics - Official Site MAC Cosmetics - Official Site

     Products
          + Makeup

Lips
               o Lipstick
               o Lip Gloss
               o Lip Liner
               o Lip Care + Primer
               o Lip Palettes + Kits
               o Viva Glam

Face
               o Primer
               o Foundation
               o Concealer
               o Face Powder
               o Bronzer
               o Blusher
               o Highlight + Contour
               o Face Palettes + Kits
               o Custom Palette

Eyes
               o All Eyes
               o Eyeshadow
               o Eyeliner
               o Eyebrows
               o Mascara + Lashes
               o Glitter + Pigment
               o Eye Palettes + Kits
               o Custom Palette

Pro Products
               o All Pro
          + Primer + Skincare
               o Fix +
               o Strobe
               o Primers
               o Cleansers
               o Moisturisers
               o BB + CC
               o Travel Size
            PERFECT YOUR LOOK<br>WITH PREP + PRIME</br>
            PERFECT YOUR LOOK
            WITH PREP + PRIME
            ILLUMINATE YOUR SKIN<br>WITH LIGHTFUL C</br>
            ILLUMINATE YOUR SKIN
            WITH LIGHTFUL C
          + Beauty Boxes
          + Mini M‧A‧C
          + Brushes + Tools

Brushes
               o Eye Brushes
               o Lip Brushes
               o Face Brushes
               o All Brushes
               o Brush Kits

Tools
               o Pro Palette
               o Containers
               o Applicators
               o Accessories
               o Bags

Pro Products
               o Brushes + Tools
            Pick Your Palette, <br>Choose Your Shades</br>
            Pick Your Palette,
            Choose Your Shades
          + TRENDS
               o ROKSANDA AW19 #MACBACKSTAGE
               o HALPERN AW19 #MACBACKSTAGE
               o #MEETYOURMATTE KISSING BOOTH
               o #MEETYOURMATTE
               o #MONOCHROMEMOMENT
               o #DISCOBALLKISS
               o #POWERLIDS
               o #APERFECTBLUR
               o #WHATSYOURTHING
               o THEATRE #MACBACKSTAGE
               o HEALTHY GLOW #MACGLOW


          + Gifting
               o Gift Guide
               o Custom Palette
               o Gift Cards
               o About Gift Cards
               o Check Balance

          + FRAGRANCE
     Bestsellers
     What's New
          + See all Collections
          + M‧A‧C X PONY PARK
          + VISUAL ARTS
          + AW19 LOOKBOOK
          + GET YOUR FIX
     FIND A STORE
     Services
     Inspiration
          + #MACCOSMETICS
          + How To Videos
          + OUR STORY
          + M·A·C VIVA GLAM
          + ARTISTS
     Fashion Week

     What's New
          + See all Collections
          + M‧A‧C X PONY PARK
          + VISUAL ARTS
          + AW19 LOOKBOOK
     Bestsellers
     Makeup
          + FACE
               o Foundation
               o Powder
               o Primer
               o Concealer
               o Blush
               o Bronzer
               o Face Brushes
               o Highlight + Contour
               o Face Palettes + Kits
          + LIPS
               o Lipstick
               o Lip Pencil
               o Lip Gloss
               o Lip Care + Primer
               o Lip Brushes
               o Lip Palettes + Kits
               o Viva Glam
          + EYES
               o Eyeshadow
               o Mascara + Lashes
               o Eyebrows
               o Eyeliner
               o Eye Brushes
               o Eye Palettes + Kits
               o Glitter + Pigment
          + Brushes + Tools
               o BRUSHES
               o BAGS
               o APPLICATORS
               o ACCESSORIES
               o CONTAINERS
          + More
               o GIFTING
               o CUSTOMISE
               o BEAUTY BOXES
               o FRAGRANCE
               o GIFT CARDS
               o GOODBYES
          + COLLECTIONS
               o MINI MAC
               o STUDIO FIX
               o PREP + PRIME
               o MINERALIZE
               o PRO LONGWEAR
     SKINCARE
          + CLEANSERS
          + MOISTURISERS
          + BB + CC
          + TRAVEL SIZE
     M·A·C PRO
          + PRO TEAM
               o MEET THE ARTISTS
               o M·A·C PRO x THEATRE
          + PRO PRODUCTS
               o ALL PRO
               o PRO LIPS
               o PRO FACE
               o PRO EYES
               o PRO PALETTES
               o PRO BRUSHES + TOOLS
          + PRO SCHEME
               o MASTER CLASSES
               o BENEFITS
               o APPLY
     Store Services
          + BOOK AN APPOINTMENT
          + SERVICE MENU
          + FIND A STORE
     Inspiration
          + HOW TO VIDEOS
          + TRENDS
               o MONOCHROME MOMENT
               o POWER LIDS
               o A PERFECT BLUR
               o MACGLOW
          + M·A·C VIVA GLAM
          + OUR STORY
          + #MACCOSMETICS

   ____________________ Submit
   0

   Edit
   Your Bag
   Added to Bag

   Subtotal
   Checkout

   ENJOY FREE DELIVERY ON ALL ORDERS !

FREE STANDARD DELIVERY ON ORDERS OVER £20 & FREE RETURNS

   Delivery offer valid on orders shipped to UK addresses (excluding the
   Channel Islands). Free Standard Delivery on orders over £20 and
   Returns* with any purchase. No offer code necessary. Upgrade to Named
   Day Delivery for £4.95 or Next Day Delivery for £6.50. Place order
   prior to 3:00 PM GMT for Next Day Delivery. Please note, we will
   deliver the goods in accordance with the delivery option selected by
   you during the order process.

   *For details on free returns, CLICK HERE.
   My
   M·A·C
   Sign In

   Sign In
   My M·A·C

   Don’t have an account? Register
   ____________________
   ____________________

   Forgot Your Password?
   Submit

or

   Please indicate that you accept the Terms and Conditions and Privacy
   Policy of the M·A·C Cosmetics site in order to sign-in with Facebook
   []
   [ ] By clicking “Continue with Facebook”, I agree to MAC Cosmetics’s
   Terms and Conditions and Privacy Policy.
   How do we use your data? By clicking "Continue with Facebook", you
   accept that your first name, last name, Birthday, Gender, Location, Age
   Range, and Relationship status will be used to create and manage your
   user account. Your email address may be collected if you choose to
   share with us your email address from your Facebook public profile, for
   this purpose. All other personal data available from your Facebook
   public profile will not be collected by MAC Cosmetics. If you disagree
   with the options offered by Facebook, please click on "create your
   account" without Facebook. You may request to access, rectify or delete
   your personal data by sending an email to infomac@macosmetics.co.uk.
   For more information on MAC Cosmetics, a trading company of Estée
   Lauder Cosmetics Limited privacy practices, your rights and how to
   exercise these rights, please see our Privacy Policy.

   By Checking this box, I agree to MAC Cosmetics Terms & Conditions and
   Privacy Policy
   [ ] Yes! I would like to receive the M·A·C COSMETICS ONLINE Newsletter.
   How do we use your data?

   Yes! I would like to receive MAC Cosmetics marketing emails to enjoy
   the latest looks and launches, tips, trends, special offers and more.
   By checking this box, you accept that your e-mail address will be used
   to send you marketing newsletters and information about MAC Cosmetics
   products, events and offers. You can unsubscribe at any time by
   clicking on the unsubscribe link in each newsletter. For more
   information on MAC Cosmetics, a trading company of Estée Lauder
   Cosmetics Limited privacy practices, please see our Privacy Policy.

     * My Account
     * Account Profile
     * Order History
     * Purchased Products
     * My Favourites
     * Sign Out

   FREE STANDARD DELIVERY ON £20+ ORDERS AND FREE RETURNS ON ALL ORDERS*
   See Details

   FREE STANDARD DELIVERY & RETURNS
   Delivery offer valid on orders shipped to UK addresses (excluding the
   Channel Islands). Free Standard Delivery on £20+ orders and free
   returns on all orders*. No offer code necessary. Upgrade to Named Day
   Delivery for £4.95 or Next Day Delivery for £6.50. Place order prior to
   3:00 PM GMT for Next Day Delivery. Please note, we will deliver the
   goods in accordance with the delivery option selected by you during the
   order process.

   *For details on free returns, CLICK HERE.
   SIGN ME UP

   Sign Me Up
   Thank You!

   Sign me up to hear from M•A•C Cosmetics about future products,
   services, events and special insider-only offers.

   ____________________
   ____________________
   [ ]

   Yes, I would like to receive SMS Messages with the latest news from MAC
   Cosmetics including special events, new product launches and exclusive
   offers.
   How do we use your data? Your email address will be used only to send
   you MAC Cosmetics newsletters and information about MAC Cosmetics
   products, events and offers. You can unsubscribe at any time by
   clicking on the unsubscribe link in each newsletter. For more
   information on MAC Cosmetics, a trading company of Estée Lauder
   Cosmetics Limited privacy practices please see our Privacy Policy.
   Submit

     You are currently signed in as:
   csr signout Session open for :
   Reset customer Customer Cart QuikSearch

     * Lips /
     * Lipstick /
     * Lipstick Mini M‧A‧C

   Chili
   Brownish orange-red
     * Overview
     * Details
     * Swatches
     * Shade Names

   No Rating

Lipstick Mini M‧A‧C

A totally tote-able, mini Lipstick in nine bestselling shades.

   £10.00
   1.8 g
   View All Colours
   filter by:
   (BUTTON) All (BUTTON) coral (BUTTON) nude (BUTTON) pink (BUTTON) plum
   (BUTTON) red
     * Chili
     * D For Danger
     * Mocha
     * Lady Danger
     * Breathing Fire
     * Sin
     * Velvet Teddy
     * Diva
     * Relentlessly Red
     * Captive
     * Flat Out Fabulous
     * Twig
     * Russian Red
     * All Fired Up
     * Rebel
     * Ruby Woo
     * Tropic Tonic
     * Mehr
     * Please Me
     * Runway Hit
     * Whirl

   (BUTTON) (BUTTON)

Full Description

   A mini Lipstick in our bestselling shades. Nine hues, two textures. The
   iconic product that made M·A·C famous. All Mini M∙A∙C products are
   totally tote-able in convenient mini sizes. Pro discount is not
   applicable.

Key Claims and Benefits

     * Matte: the original matte finish
     * Satin: velvet sheen finish

Usage

   Apply directly to lips.

Ingredients

   Ingredients: Octyldodecanol, Ricinus Communis (Castor) Seed Oil,
   Silica, Tricaprylyl Citrate, Ozokerite, Isononyl Isononanoate,
   Paraffin, Phenyl Trimethicone, Microcrystalline Wax \Cera
   Microcristallina\Cire Microcristalline, Ethylhexyl Palmitate,
   Caprylic/Capric Triglyceride, Copernicia Cerifera (Carnauba) Wax\Cera
   Carnauba\Cire De Carnauba, Ascorbyl Palmitate, Tocopherol, Vanillin,
   Acrylates Copolymer, Polyethylene Terephthalate, Stearyl Stearoyl
   Stearate, [+/- Mica, Titanium Dioxide (Ci 77891), Iron Oxides (Ci
   77491, Ci 77492, Ci 77499), Blue 1 Lake (Ci 42090), Carmine (Ci 75470),
   Red 6 (Ci 15850), Red 6 Lake (Ci 15850), Red 7 Lake (Ci 15850), Red 21
   Lake (Ci 45380), Red 28 Lake (Ci 45410), Red 30 Lake (Ci 73360), Red 33
   Lake (Ci 17200), Yellow 5 Lake (Ci 19140), Yellow 6 Lake (Ci 15985),
   Yellow 10 Lake (Ci 47005)]

   Please be aware that ingredient lists may change or vary from time to
   time. Please refer to the ingredient list on the product package you
   receive for the most up to date list of ingredients.
     * Swatches
     * Shade Names

   Filter
   (BUTTON) All
   Colour
   (coral) (nude) (pink) (plum) (red)
   £10.00
     *
     *
     * New
     * New
     * New
     *
     *
     *
     * New
     * New
     * New
     *
     *
     * New
     * New
     *
     * New
     *
     * New
     * New
     *

     * Swatches
     * Shade Names

   £10.00
     * Chili
     * D For Danger
     * Mocha
     * Lady Danger
     * Breathing Fire
     * Sin
     * Velvet Teddy
     * Diva
     * Relentlessly Red
     * Captive
     * Flat Out Fabulous
     * Twig
     * Russian Red
     * All Fired Up
     * Rebel
     * Ruby Woo
     * Tropic Tonic
     * Mehr
     * Please Me
     * Runway Hit
     * Whirl

   Wishlist
   Added
   See Wishlist
   Add to Bag
   Temp Out of Stock
   Temp Out of Stock
   Coming soon
   Sorry, this item is inactive.
   Sold Out
   ENJOY FREE DELIVERY ON ALL ORDERS!

   ____________________
   (BUTTON)

   @maccosmetics

Social Skills

   Show us your favorite LEGENDARY looks! #MACSTYLE

   thought you might like...

You May Also Like

   Temp Out of Stock
   Coming soon

Lip Pencil

   £15.00
   1.45g
   Shop 34 Shades
   Temp Out of Stock
   Temp Out of Stock
   Coming soon
   Sorry, this item is inactive.
   Sold Out
   Temp Out of Stock
   Coming soon

Prep + Prime Lip

   £15.00
   1.7 g
   Add to Bag
   Temp Out of Stock
   Temp Out of Stock
   Coming soon
   Sorry, this item is inactive.
   Sold Out
   Temp Out of Stock
   Coming soon

Lip Scrubtious

   £14.00
   15 ml
   £9.33 / 10ml
   Shop 2 Shades
   Temp Out of Stock
   Temp Out of Stock
   Coming soon
   Sorry, this item is inactive.
   Sold Out
   Temp Out of Stock
   Coming soon

Lip Conditioner (Tube)

   £14.00
   15ml
   £9.33 / 10ml
   Add to Bag
   Temp Out of Stock
   Temp Out of Stock
   Coming soon
   Sorry, this item is inactive.
   Sold Out
   Product Ratings

Realest
Reviews

       Free standard delivery on every order over £20
       + Complimentary sample and free returns on all orders*
       Find your nearest MAC store
       M·A·C UNiDAYS
       CALLING ALL STUDENTS! GET 10% OFF
       Find out more

       FIND YOUR NEAREST M·A·C STORE HERE
       Find your nearest MAC store

     * OFFERS
     * OFFERS
     * STORES
     * STORES
     * Chat Live
     * CHAT

Need Help?

   Call Us

Your M·A·C Store

     * Find A Store / Event
     * Makeup Services

Customer Service

     * Contact Us
     * FAQs
     * Delivery Info
     * Return Policy
     * Cookie Settings
     * Offer Details
     * UNiDAYS

About Us

     * Our Story
     * M·A·C VIVA GLAM
     * M·A·C Pro Membership
     * Back to M·A·C
     * Careers
     * Animal Testing
     * Corporate Statements

Your Account

     * My M·A·C
     * Order Status
     * My Favourites

Gift Cards

     * Gift Cards
     * eGift Cards
     * Check Balance
     * Terms & Conditions

Connect

     *
     *
     *
     *
     *
     *

CHOOSE LOCATION

   United Kingdom

   /

     * Customer Service
          + Contact Us
          + FAQs
          + Order Status
          + Shipping Info
          + Cookie Settings
          + Return Policy
          + UNiDAYS
     * About Us
          + Our Story
          + M•A•C AIDS Fund
          + M•A•C Pro Membership
          + M•A•C Select Program
          + Back to M•A•C
          + Careers
          + Animal Testing
          + Corporate Statements
     * Find a Store
     * Makeup Services
     * Gift Cards
          + Gift Cards
          + EGift Cards
          + Check Balance
     * Sign Up For Email / Text
     * My M•A•C / Sign In

     *
     *
     *
     *
     *
     *

     * Privacy Policy
     * Cookie Settings
     * Terms & Conditions
     * Counterfeit Education
     * © Make-Up Art Cosmetics. All Worldwide Rights Reserved.

     * Privacy Policy
     * Terms & Conditions
     * Choose Location

   © Make-Up Art Cosmetics. All Worldwide Rights Reserved
