    #Naturalmojo.fr » Flux Naturalmojo.fr » Flux des commentaires
   Naturalmojo.fr » Flux pour Produits

   Skip to content

     * FR
     * DE
     * IT
     * PL
     * UK

     *
          + Contact
          + FAQ
          + Mon Compte
          + Livraison gratuite à partir de 50€

   Naturalmojo.fr Naturalmojo.fr
     *

     * Boutique
          + Boutique
               o SWEET SHAPES – Silhouette et Bien-Être
               o FABULOUS GLOW – Peau et Visage
               o LOVELY SHINE – Cheveux et Ongles
               o HAPPY VIBES – Énergie et Vitalité
               o Accessoires
               o Packs
               o Nos Promos
               o Tous les produits
     * Packs
          + Packs
          + Crée ton pack
     * Promo
     * Blog
          + Témoignages
          + Sport
          + Recettes
          + Super-aliments
     * À propos
          + Notre philosophie
          + Notre Histoire
          + Nos Produits
          + Nos Superfoods
          + Facile à préparer
          + FAQ

     * Panier Panier

     * Panier

Panier
          + × Fit Cookie 5 × 39,99 €
          + × Fit Mango 5 × 39,99 €
          + × Fit Caramel 4 × 39,99 €
          + × Fit Vanilla 4 × 39,99 €
          + × Fit Chocolate 5 × 39,99 €
          + × Fit Strawberry 4 × 39,99 €
          + × Fit Banana 3 × 39,99 €
          + × Fit Cappuccino 3 × 39,99 €
          + × Fit Coco 3 × 39,99 €
          + × Fit Berry 3 × 39,99 €
          + × Fit Caps
            Product contains: 49,9 g
            2 × 39,99 € 80,14 € / 100 g
          + × Diet Caps
            Product contains: 83,6 g
            2 × 39,99 € 47,83 € / 100 g
          + × Carb Blocker
            Product contains: 45,8 g
            2 × 39,99 € 87,31 € / 100 g
          + × Pure Body
            Product contains: 200 g
            2 × 29,99 € 14,99 € / 100 g
          + × Sweet Classic 3 × 84,99 €
          + × Pack Fit Cookie 4 × 52,99 €
          + × Pack Fit Strawberry 3 × 52,99 €
          + × Pack Strawberry-Cookie 4 × 70,99 €
          + × Winter Treats 3 × 89,99 €
          + × Shape Caps 3 × 99,99 €
          + × Pack Good Care 4 × 84,97 €
          + × Fall Vibes 3 × 79,99 €
          + × Summer Shape 2 × 99,99 €
          + × Skin Mojo Box 3 × 109,99 €
          + × Skin Beauty
            Product contains: 45,9 g
            2 × 29,99 € 65,34 € / 100 g
          + × Pure Glow
            Product contains: 36,6 g
            2 × 39,99 € 109,26 € / 100 g
          + × Aqua Splash
            Product contains: 22 g
            2 × 39,99 € 181,77 € / 100 g
          + × Glow Protect
            Product contains: 47,6 g
            2 × 39,99 € 84,01 € / 100 g
          + × Clear Glow
            Product contains: 250 g
            2 × 39,99 € 15,98 € / 100 g
          + × Glam Protect
            Product contains: 250 g
            2 × 39,99 € 15,99 € / 100 g
          + × True Beauty
            Product contains: 150 g
            4 × 29,99 € 19,99 € / 100 g
          + × Skin Routine 3 × 99,99 €
          + × Magic Skin 3 × 94,99 €
          + × Happy Mum 5 × 75,99 €
          + × Royal Beauty 4 × 62,99 €
          + × Fruity Slim
            Product contains: 100 g
            2 × 14,99 € 14,99 € / 100 g
          + × Red Beauty
            Product contains: 100 g
            3 × 14,99 € 14,99 € / 100 g
          + × Green Cleanse
            Product contains: 100 g
            3 × 14,99 € 14,99 € / 100 g
          + × Sunrise Energy
            Product contains: 100 g
            2 × 14,99 € 14,99 € / 100 g
          + × Daily Comfort
            Product contains: 100 g
            2 × 14,99 € 14,99 € / 100 g
          + × Sunset Chill
            Product contains: 100 g
            2 × 14,99 € 14,99 € / 100 g
          + × Black Rose
            Product contains: 100 g
            2 × 14,99 € 14,99 € / 100 g
          + × Berry Boost
            Product contains: 153 g
            2 × 29,99 € 19,60 € / 100 g
          + × Sunny Soul
            Product contains: 150 g
            2 × 29,99 € 19,99 € / 100 g
          + × Choco Dream
            Product contains: 150 g
            3 × 24,99 € 16,66 € / 100 g
          + × Happy Bars
            Product contains: 180 g
            2 × 14,99 € 8,33 € / 100 g
          + × Glow Snacks 2 × 129,99 €
          + × Summer Snacks 2 × 99,99 €
          + × Beauty Snacks 2 × 72,99 €
          + × Snack Party 2 × 74,99 €
          + × Fit Vanilla - première édition 2 × 24,99 €
          + × Fit Chocolate - première édition 2 × 24,99 €
          + × Fit Berry - première édition 2 × 24,99 €
          + × 2 x Fit Vanilla - première édition 2 × 47,98 €
          + × 2 x Fit Chocolate - première édition 2 × 47,98 €
          + × 2 x Fit Berry - première édition 2 × 47,98 €
          + × 3 x Fit Vanilla - première édition 2 × 68,97 €
          + × 3 x Fit Chocolate - première édition 2 × 68,97 €
          + × 3 x Fit Berry - première édition 2 × 68,97 €
          + × 4 x Fit Vanilla - première édition 2 × 79,96 €
          + × 4 x Fit Chocolate - première édition 2 × 79,96 €
          + × 4 x Fit Berry - première édition 2 × 79,96 €
          + × Premium Shaker 2 × 19,99 €
          + × Natural Mojo Verre à smoothie 2 × 9,99 €
          + × Tea Infuser Bottle 2 × 19,99 €
          + × Tea Glass infuser 2 × 24,99 €
          + × Plan nutritionnel de 5 jours 2 × 9,99 €
          + Plan nutritionnel de 5 jours
            En cadeau
            1 × 9,99 €
          + Sunrise Energy
            Product contains: 100 g
            En cadeau
            1 × 14,99 € 14,99 € / 100 g
          + Fit Vanilla - première édition
            Product contains: 480 g
            En cadeau
            1 × 39,99 € 8,33 € / 100 g
       Sous-total: 8.967,79 €
       incl. VAT: 551,02 €
       Voir le panierValidation de la commande

     * 3 thés offerts à partir de 49 € d'achat. Code : HAPPYTEA *

     * 3 thés offerts à partir de 49 € d'achat. Code : HAPPYTEA *

     * Accessoires
     * Fabulous Glow
     * Happy Vibes
     * Lovely Shine
     * Nos Promos
     * Packs
     * Sweet Shapes

   Boutique
   Filtrer

   Voici les 77 résultats
   [Tri par défaut_____________________.]
     * You cannot add an empty set to the cart. Try it again:
       https://www.naturalmojo.fr/produit/my-shape-caps-mix/

   Poursuivre les achats «Fit Cookie» a été ajouté à votre panier.
   Poursuivre les achats «Fit Mango» a été ajouté à votre panier.
   Poursuivre les achats «Fit Caramel» a été ajouté à votre panier.
   Poursuivre les achats «Fit Vanilla» a été ajouté à votre panier.
   Poursuivre les achats «Fit Chocolate» a été ajouté à votre panier.
   Poursuivre les achats «Fit Strawberry» a été ajouté à votre panier.
   Poursuivre les achats «Fit Banana» a été ajouté à votre panier.
   Poursuivre les achats «Fit Cappuccino» a été ajouté à votre panier.
   Poursuivre les achats «Fit Coco» a été ajouté à votre panier.
   Poursuivre les achats «Fit Berry» a été ajouté à votre panier.

   Sweet Shapes

   My Mojo Mix
   Note 4.80 sur 5
   0,00 €
   Choisis ton pack
   Ajouter au panier

   Packs

   My Shake Mix
   Note 5.00 sur 5
   0,00 €
   Choisis ton pack
   Ajouter au panier

   Sweet Shapes

   Fit Cookie
   Note 4.25 sur 5
   À partir de : 39,99 €

   [DEL: 79,98 € :DEL] [INS: 79,98 € :INS] / kg
   Ajouter au panier

   Sweet Shapes

   Fit Mango
   Note 4.44 sur 5
   À partir de : 39,99 €

   [DEL: 79,98 € :DEL] [INS: 79,98 € :INS] / kg
   Ajouter au panier

   Sweet Shapes

   Fit Caramel
   À partir de : 39,99 €

   [DEL: 79,98 € :DEL] [INS: 79,98 € :INS] / kg
   Ajouter au panier

   Sweet Shapes

   Fit Vanilla
   Note 5.00 sur 5
   À partir de : 39,99 €

   [DEL: 79,98 € :DEL] [INS: 79,98 € :INS] / kg
   Ajouter au panier

   Sweet Shapes

   Fit Chocolate
   Note 4.89 sur 5
   À partir de : 39,99 €

   [DEL: 79,98 € :DEL] [INS: 79,98 € :INS] / kg
   Ajouter au panier

   Sweet Shapes

   Fit Strawberry
   Note 5.00 sur 5
   À partir de : 39,99 €

   [DEL: 79,98 € :DEL] [INS: 79,98 € :INS] / kg
   Ajouter au panier

   Sweet Shapes

   Fit Banana
   Note 5.00 sur 5
   À partir de : 39,99 €

   [DEL: 79,98 € :DEL] [INS: 79,98 € :INS] / kg
   Ajouter au panier

   Sweet Shapes

   Fit Cappuccino
   Note 4.33 sur 5
   À partir de : 39,99 €

   [DEL: 79,98 € :DEL] [INS: 79,98 € :INS] / kg
   Ajouter au panier

   Sweet Shapes

   Fit Coco
   Note 5.00 sur 5
   À partir de : 39,99 €

   [DEL: 79,98 € :DEL] [INS: 79,98 € :INS] / kg
   Ajouter au panier

   Sweet Shapes

   Fit Berry
   À partir de : 39,99 €

   [DEL: 79,98 € :DEL] [INS: 79,98 € :INS] / kg
   Ajouter au panier

   Packs

   My Shape Caps Mix
   0,00 €
   Choisis ton pack
   Ajouter au panier

   Sweet Shapes

   Fit Caps
   Note 4.50 sur 5
   39,99 €

   80,14 € / 100 g
   Ajouter au panier

   Sweet Shapes

   Diet Caps
   Note 4.50 sur 5
   39,99 €

   47,83 € / 100 g
   Ajouter au panier

   Sweet Shapes

   Carb Blocker
   Note 3.00 sur 5
   39,99 €

   87,31 € / 100 g
   Ajouter au panier

   Sweet Shapes

   Pure Body
   29,99 €

   14,99 € / 100 g
   Ajouter au panier

   Packs

   Box Mojo Slim – programme 1 semaine
   [DEL: 139,96 € :DEL] [INS: 119,98 € :INS]
   Choix des options

   Packs

   Box Mojo Slim – programme 2 semaines
   [DEL: 209,94 € :DEL] [INS: 149,99 € :INS]
   Choix des options

   Packs

   Box Mojo Slim – programme 4 semaines
   [DEL: 264,91 € :DEL] [INS: 200,00 € :INS]
   Choix des options

   Packs

   Box Mojo Slim – programme 6 semaines
   [DEL: 304,90 € :DEL] [INS: 229,97 € :INS]
   Choix des options

   Packs

   Sweet Classic
   Note 4.40 sur 5
   [DEL: 99,97 € :DEL] [INS: 84,99 € :INS]
   Ajouter au panier

   Packs

   Pack Fit Cookie
   Note 4.25 sur 5
   [DEL: 59,98 € :DEL] [INS: 52,99 € :INS]
   Ajouter au panier

   Packs

   Pack Fit Strawberry
   Note 5.00 sur 5
   [DEL: 59,98 € :DEL] [INS: 52,99 € :INS]
   Ajouter au panier

   Packs

   Pack Strawberry-Cookie
   [DEL: 79,98 € :DEL] [INS: 70,99 € :INS]

   [DEL: 79,98 € :DEL] [INS: 70,99 € :INS] / kg
   Ajouter au panier

   Packs

   Winter Treats
   [DEL: 104,97 € :DEL] [INS: 89,99 € :INS]
   Ajouter au panier

   Packs

   Shape Caps
   [DEL: 119,97 € :DEL] [INS: 99,99 € :INS]
   Ajouter au panier

   Fabulous Glow

   Pack Good Care
   [DEL: 99,97 € :DEL] [INS: 84,97 € :INS]
   Ajouter au panier

   Happy Vibes

   Fall Vibes
   [DEL: 94,97 € :DEL] [INS: 79,99 € :INS]
   Ajouter au panier
   Nouveau

   Packs

   Summer Shape
   [DEL: 114,96 € :DEL] [INS: 99,99 € :INS]
   Ajouter au panier

   Fabulous Glow

   My Skin Care Mix
   0,00 €
   Choisis ton pack
   Ajouter au panier
   Nouveau

   Fabulous Glow

   Skin Mojo Box
   [DEL: 129,99 € :DEL] [INS: 109,99 € :INS]
   Ajouter au panier

   Fabulous Glow

   Skin Beauty
   Note 5.00 sur 5
   29,99 €

   65,34 € / 100 g
   Ajouter au panier

   Fabulous Glow

   Pure Glow
   39,99 €

   109,26 € / 100 g
   Ajouter au panier

   Fabulous Glow

   Aqua Splash
   Note 4.00 sur 5
   39,99 €

   181,77 € / 100 g
   Ajouter au panier

   Fabulous Glow

   Glow Protect
   39,99 €

   84,01 € / 100 g
   Ajouter au panier
   Nouveau

   Fabulous Glow

   Clear Glow
   39,99 €

   15,98 € / 100 g
   Ajouter au panier
   Nouveau

   Fabulous Glow

   Glam Protect
   Note 5.00 sur 5
   39,99 €

   15,99 € / 100 g
   Ajouter au panier

   Fabulous Glow

   True Beauty
   Note 4.60 sur 5
   29,99 €

   19,99 € / 100 g
   Ajouter au panier

   Fabulous Glow

   Skin Routine
   [DEL: 119,97 € :DEL] [INS: 99,99 € :INS]
   Ajouter au panier

   Fabulous Glow

   Magic Skin
   [DEL: 109,97 € :DEL] [INS: 94,99 € :INS]
   Ajouter au panier

   Fabulous Glow

   Happy Mum
   Note 4.00 sur 5
   [DEL: 94,96 € :DEL] [INS: 75,99 € :INS]
   Ajouter au panier

   Fabulous Glow

   Royal Beauty
   Note 4.40 sur 5
   [DEL: 74,97 € :DEL] [INS: 62,99 € :INS]
   Ajouter au panier

   Happy Vibes

   My Tea Mix
   0,00 €
   Choisis ton pack
   Ajouter au panier

   Sweet Shapes

   Fruity Slim
   Note 5.00 sur 5
   14,99 €

   14,99 € / 100 g
   Ajouter au panier

   Fabulous Glow

   Red Beauty
   14,99 €

   14,99 € / 100 g
   Ajouter au panier

   Sweet Shapes

   Green Cleanse
   Note 5.00 sur 5
   14,99 €

   14,99 € / 100 g
   Ajouter au panier

   Happy Vibes

   Sunrise Energy
   Note 3.00 sur 5
   14,99 €

   14,99 € / 100 g
   Ajouter au panier

   Happy Vibes

   Daily Comfort
   14,99 €

   14,99 € / 100 g
   Ajouter au panier

   Happy Vibes

   Sunset Chill
   14,99 €

   14,99 € / 100 g
   Ajouter au panier

   Happy Vibes

   Black Rose
   14,99 €

   14,99 € / 100 g
   Ajouter au panier

   Happy Vibes

   My Greens Mix
   0,00 €
   Choisis ton pack
   Ajouter au panier

   Happy Vibes

   Berry Boost
   Note 3.50 sur 5
   29,99 €

   19,60 € / 100 g
   Ajouter au panier

   Happy Vibes

   Sunny Soul
   Note 5.00 sur 5
   29,99 €

   19,99 € / 100 g
   Ajouter au panier

   Happy Vibes

   Choco Dream
   Note 5.00 sur 5
   24,99 €

   16,66 € / 100 g
   Ajouter au panier

   Happy Vibes

   Happy Bars
   14,99 €

   8,33 € / 100 g
   Ajouter au panier
   Nouveau

   Packs

   Glow Snacks
   [DEL: 174,95 € :DEL] [INS: 129,99 € :INS]
   Ajouter au panier
   Nouveau

   Packs

   Summer Snacks
   [DEL: 124,96 € :DEL] [INS: 99,99 € :INS]
   Ajouter au panier
   Nouveau

   Packs

   Beauty Snacks
   [DEL: 84,97 € :DEL] [INS: 72,99 € :INS]
   Ajouter au panier
   Nouveau

   Packs

   Snack Party
   [DEL: 104,93 € :DEL] [INS: 74,99 € :INS]
   Ajouter au panier
   Promo -37%

   Nos Promos

   Fit Vanilla – première édition
   À partir de : [DEL: 39,99 € :DEL] [INS: 24,99 € :INS]

   [DEL: 8,33 € :DEL] [INS: 5,21 € :INS] / 100 g
   Ajouter au panier
   Promo -37%

   Nos Promos

   Fit Chocolate – première édition
   Note 4.33 sur 5
   À partir de : [DEL: 39,99 € :DEL] [INS: 24,99 € :INS]

   [DEL: 8,33 € :DEL] [INS: 5,21 € :INS] / 100 g
   Ajouter au panier
   Promo -37%

   Nos Promos

   Fit Berry – première édition
   À partir de : [DEL: 39,99 € :DEL] [INS: 24,99 € :INS]

   [DEL: 8,33 € :DEL] [INS: 5,21 € :INS] / 100 g
   Ajouter au panier
   Promo -40%

   Nos Promos

   2 x Fit Vanilla – première édition
   À partir de : [DEL: 79,98 € :DEL] [INS: 47,98 € :INS]

   [DEL: 8,33 € :DEL] [INS: 5,00 € :INS] / 100 g
   Ajouter au panier
   Promo -40%

   Nos Promos

   2 x Fit Chocolate – première édition
   À partir de : [DEL: 79,98 € :DEL] [INS: 47,98 € :INS]

   [DEL: 8,33 € :DEL] [INS: 5,00 € :INS] / 100 g
   Ajouter au panier
   Promo -40%

   Nos Promos

   2 x Fit Berry – première édition
   À partir de : [DEL: 79,98 € :DEL] [INS: 47,98 € :INS]

   [DEL: 8,33 € :DEL] [INS: 5,00 € :INS] / 100 g
   Ajouter au panier
   Promo -43%

   Nos Promos

   3 x Fit Vanilla – première édition
   À partir de : [DEL: 119,97 € :DEL] [INS: 68,97 € :INS]

   [DEL: 8,33 € :DEL] [INS: 4,79 € :INS] / 100 g
   Ajouter au panier
   Promo -43%

   Nos Promos

   3 x Fit Chocolate – première édition
   À partir de : [DEL: 119,97 € :DEL] [INS: 68,97 € :INS]

   [DEL: 8,33 € :DEL] [INS: 4,79 € :INS] / 100 g
   Ajouter au panier
   Promo -43%

   Nos Promos

   3 x Fit Berry – première édition
   À partir de : [DEL: 119,97 € :DEL] [INS: 68,97 € :INS]

   [DEL: 8,33 € :DEL] [INS: 4,79 € :INS] / 100 g
   Ajouter au panier
   Promo -50%

   Nos Promos

   4 x Fit Vanilla – première édition
   À partir de : [DEL: 159,96 € :DEL] [INS: 79,96 € :INS]

   [DEL: 8,33 € :DEL] [INS: 4,16 € :INS] / 100 g
   Ajouter au panier
   Promo -50%

   Nos Promos

   4 x Fit Chocolate – première édition
   À partir de : [DEL: 159,96 € :DEL] [INS: 79,96 € :INS]

   [DEL: 8,33 € :DEL] [INS: 4,16 € :INS] / 100 g
   Ajouter au panier
   Promo -50%

   Nos Promos

   4 x Fit Berry – première édition
   À partir de : [DEL: 159,96 € :DEL] [INS: 79,96 € :INS]

   [DEL: 8,33 € :DEL] [INS: 4,16 € :INS] / 100 g
   Ajouter au panier

   Accessoires

   Premium Shaker
   19,99 €
   Ajouter au panier

   Accessoires

   Natural Mojo Verre à smoothie
   9,99 €
   Ajouter au panier

   Accessoires

   Tea Infuser Bottle
   19,99 €
   Ajouter au panier

   Accessoires

   Tea Glass infuser
   [DEL: 29,99 € :DEL] [INS: 24,99 € :INS]
   Ajouter au panier

   Sweet Shapes

   Plan nutritionnel de 5 jours
   [DEL: 14,99 € :DEL] [INS: 9,99 € :INS]
   Ajouter au panier

   ____________________
   (BUTTON)

   Catégories de produits
     * Accessoires (4)
     * Fabulous Glow (16)
     * Happy Vibes (12)
     * Lovely Shine (5)
     * Nos Promos (12)
     * Packs (28)
     * Sweet Shapes (32)

   Étiquettes produit
   Barres Cheveux Detox Gélules Humeur / État d’esprit Matin Midi Mode de
   vie sain Ongles Peau Perte de poids Poudres de super-aliments
   Purification intérieure Relaxation Sans gluten Sans lactose Sans soja
   Soir Substituts de repas - Shakes Thés Tout le temps vegan Vie saine À
   tout moment Énergie

   Produits
     * Glow Snacks [DEL: 174,95 € :DEL] [INS: 129,99 € :INS]
     * Beauty Snacks [DEL: 84,97 € :DEL] [INS: 72,99 € :INS]
     * Summer Snacks [DEL: 124,96 € :DEL] [INS: 99,99 € :INS]
     * Snack Party [DEL: 104,93 € :DEL] [INS: 74,99 € :INS]
     * Clear Glow 39,99 €
       15,98 € / 100 g

   Recently viewed products
     * My Mojo Mix 0,00 €
     * Fit Chocolate À partir de : 39,99 €
     * 4 x Fit Berry - première édition À partir de : [DEL: 159,96 € :DEL]
       [INS: 79,96 € :INS]
     * 4 x Fit Chocolate - première édition À partir de : [DEL: 159,96 €
       :DEL] [INS: 79,96 € :INS]
     * 4 x Fit Vanilla - première édition À partir de : [DEL: 159,96 €
       :DEL] [INS: 79,96 € :INS]
     * 3 x Fit Berry - première édition À partir de : [DEL: 119,97 € :DEL]
       [INS: 68,97 € :INS]
     * 3 x Fit Chocolate - première édition À partir de : [DEL: 119,97 €
       :DEL] [INS: 68,97 € :INS]
     * 3 x Fit Vanilla - première édition À partir de : [DEL: 119,97 €
       :DEL] [INS: 68,97 € :INS]
     * 2 x Fit Berry - première édition À partir de : [DEL: 79,98 € :DEL]
       [INS: 47,98 € :INS]
     * 2 x Fit Chocolate - première édition À partir de : [DEL: 79,98 €
       :DEL] [INS: 47,98 € :INS]

     *
     *
     *
     *

     *
     *
     *
     *
     *
     *

   * Valable pour un achat minimum de 49 € jusqu’au 30.09.2019. Offre non
   cumulable. Ne s’applique pas sur les produits de la catégorie “Nos
   Promos”. Dans les limites du stock disponible.
   Naturalmojo
     * Boutique
     * À propos
     * Blog
     * Contact
     * Carrières
     * Communauté WhatsApp

   Aide
     * Suivre votre commande
     * FAQ
     * Processus de commande
     * Modes de paiement
     * Frais de livraison & Livraison
     * Conditions d’annulation

   COMPTE CLIENT
     * Mon compte
     * Mes commandes
     * Modifier mon compte
     * Parraine un ami

   Newsletter
   -10% offre de bienvenue & offres hebdomadaires ____________________
   (BUTTON) Je m'inscris ! J'autorise le traitement de mes données afin de
   recevoir des offres et des informations sur les produits de beauté de
   Natural Mojo GmbH, notamment les nouvelles offres et invitations à des
   événements par e-mail. Le consentement est donné volontairement. Vous
   pouvez révoquer votre consentement à tout moment. La légalité du
   traitement jusqu'à l'exercice de votre droit de révocation n'est pas
   affectée. Pour exercer votre droit de révocation, vous pouvez cliquer
   sur le lien de désabonnement dans le message correspondant ou nous
   envoyer un message à nos coordonnées. Vous trouverez de plus amples
   informations sur la protection des données dans notre politique de
   confidentialité.
     * Termes & Conditions
     * Politique de confidentialité
     * Mentions légales

     * ____________________
       (BUTTON)
     * Boutique
          + SWEET SHAPES – Silhouette et Bien-Être
          + FABULOUS GLOW – Peau et Visage
          + LOVELY SHINE – Cheveux et Ongles
          + HAPPY VIBES – Énergie et Vitalité
          + Accessoires
          + Packs
          + Nos Promos
          + Tous les produits
     * Packs
     * Crée ton pack
     * Nos Promos
     * Filtres produits
          + Type de produit
               o Poudres de super-aliments
               o Substituts de repas – Shakes
               o Gélules
               o Thés
          + Beauté
               o Peau
               o Ongles
               o Cheveux
               o Humeur / État d’esprit
          + Objectifs
               o Perte de poids
               o Mode de vie sain
               o Detox
               o Énergie
               o Digestion
               o Relaxation
          + Caractéristique
               o vegan
               o Sans gluten
               o Sans lactose
               o Sans soja
          + Usage
               o Matin
               o Midi
               o Soir
               o À tout moment
     * Suivre votre commande
     * Blog
          + Témoignages
          + Sport
          + Recettes
          + Super-aliments
     * À propos
          + Notre philosophie
          + Notre Histoire
          + Nos Produits
          + Nos Superfoods
          + Facile à préparer
     * FAQ
     * Contact
     * Connexion
    #Naturalmojo.fr » Flux Naturalmojo.fr » Flux des commentaires
   Naturalmojo.fr » Flux pour Produits

   Skip to content

     * FR
     * DE
     * IT
     * PL
     * UK

     *
          + Contact
          + FAQ
          + Mon Compte
          + Livraison gratuite à partir de 50€

   Naturalmojo.fr Naturalmojo.fr
     *

     * Boutique
          + Boutique
               o SWEET SHAPES – Silhouette et Bien-Être
               o FABULOUS GLOW – Peau et Visage
               o LOVELY SHINE – Cheveux et Ongles
               o HAPPY VIBES – Énergie et Vitalité
               o Accessoires
               o Packs
               o Nos Promos
               o Tous les produits
     * Packs
          + Packs
          + Crée ton pack
     * Promo
     * Blog
          + Témoignages
          + Sport
          + Recettes
          + Super-aliments
     * À propos
          + Notre philosophie
          + Notre Histoire
          + Nos Produits
          + Nos Superfoods
          + Facile à préparer
          + FAQ

     * Panier Panier

     * Panier

Panier
          + × Fit Cookie 5 × 39,99 €
          + × Fit Mango 5 × 39,99 €
          + × Fit Caramel 4 × 39,99 €
          + × Fit Vanilla 4 × 39,99 €
          + × Fit Chocolate 5 × 39,99 €
          + × Fit Strawberry 4 × 39,99 €
          + × Fit Banana 3 × 39,99 €
          + × Fit Cappuccino 3 × 39,99 €
          + × Fit Coco 3 × 39,99 €
          + × Fit Berry 3 × 39,99 €
          + × Fit Caps
            Product contains: 49,9 g
            3 × 39,99 € 80,14 € / 100 g
          + × Diet Caps
            Product contains: 83,6 g
            3 × 39,99 € 47,83 € / 100 g
          + × Carb Blocker
            Product contains: 45,8 g
            3 × 39,99 € 87,31 € / 100 g
          + × Pure Body
            Product contains: 200 g
            3 × 29,99 € 14,99 € / 100 g
          + × Sweet Classic 4 × 84,99 €
          + × Pack Fit Cookie 5 × 52,99 €
          + × Pack Fit Strawberry 4 × 52,99 €
          + × Pack Strawberry-Cookie 5 × 70,99 €
          + × Winter Treats 4 × 89,99 €
          + × Shape Caps 4 × 99,99 €
          + × Pack Good Care 5 × 84,97 €
          + × Fall Vibes 4 × 79,99 €
          + × Summer Shape 3 × 99,99 €
          + × Skin Mojo Box 3 × 109,99 €
          + × Skin Beauty
            Product contains: 45,9 g
            2 × 29,99 € 65,34 € / 100 g
          + × Pure Glow
            Product contains: 36,6 g
            2 × 39,99 € 109,26 € / 100 g
          + × Aqua Splash
            Product contains: 22 g
            2 × 39,99 € 181,77 € / 100 g
          + × Glow Protect
            Product contains: 47,6 g
            2 × 39,99 € 84,01 € / 100 g
          + × Clear Glow
            Product contains: 250 g
            2 × 39,99 € 15,98 € / 100 g
          + × Glam Protect
            Product contains: 250 g
            2 × 39,99 € 15,99 € / 100 g
          + × True Beauty
            Product contains: 150 g
            4 × 29,99 € 19,99 € / 100 g
          + × Skin Routine 3 × 99,99 €
          + × Magic Skin 3 × 94,99 €
          + × Happy Mum 5 × 75,99 €
          + × Royal Beauty 4 × 62,99 €
          + × Fruity Slim
            Product contains: 100 g
            2 × 14,99 € 14,99 € / 100 g
          + × Red Beauty
            Product contains: 100 g
            3 × 14,99 € 14,99 € / 100 g
          + × Green Cleanse
            Product contains: 100 g
            3 × 14,99 € 14,99 € / 100 g
          + × Sunrise Energy
            Product contains: 100 g
            2 × 14,99 € 14,99 € / 100 g
          + × Daily Comfort
            Product contains: 100 g
            2 × 14,99 € 14,99 € / 100 g
          + × Sunset Chill
            Product contains: 100 g
            2 × 14,99 € 14,99 € / 100 g
          + × Black Rose
            Product contains: 100 g
            2 × 14,99 € 14,99 € / 100 g
          + × Berry Boost
            Product contains: 153 g
            2 × 29,99 € 19,60 € / 100 g
          + × Sunny Soul
            Product contains: 150 g
            2 × 29,99 € 19,99 € / 100 g
          + × Choco Dream
            Product contains: 150 g
            3 × 24,99 € 16,66 € / 100 g
          + × Happy Bars
            Product contains: 180 g
            2 × 14,99 € 8,33 € / 100 g
          + × Glow Snacks 2 × 129,99 €
          + × Summer Snacks 2 × 99,99 €
          + × Beauty Snacks 2 × 72,99 €
          + × Snack Party 2 × 74,99 €
          + × Fit Vanilla - première édition 2 × 24,99 €
          + × Fit Chocolate - première édition 2 × 24,99 €
          + × Fit Berry - première édition 2 × 24,99 €
          + × 2 x Fit Vanilla - première édition 2 × 47,98 €
          + × 2 x Fit Chocolate - première édition 2 × 47,98 €
          + × 2 x Fit Berry - première édition 2 × 47,98 €
          + × 3 x Fit Vanilla - première édition 2 × 68,97 €
          + × 3 x Fit Chocolate - première édition 2 × 68,97 €
          + × 3 x Fit Berry - première édition 2 × 68,97 €
          + × 4 x Fit Vanilla - première édition 2 × 79,96 €
          + × 4 x Fit Chocolate - première édition 2 × 79,96 €
          + × 4 x Fit Berry - première édition 2 × 79,96 €
          + × Premium Shaker 2 × 19,99 €
          + × Natural Mojo Verre à smoothie 2 × 9,99 €
          + × Tea Infuser Bottle 2 × 19,99 €
          + × Tea Glass infuser 2 × 24,99 €
          + × Plan nutritionnel de 5 jours 2 × 9,99 €
          + Plan nutritionnel de 5 jours
            En cadeau
            1 × 9,99 €
          + Sunrise Energy
            Product contains: 100 g
            En cadeau
            1 × 14,99 € 14,99 € / 100 g
          + Fit Vanilla - première édition
            Product contains: 480 g
            En cadeau
            1 × 39,99 € 8,33 € / 100 g
       Sous-total: 9.834,64 €
       incl. VAT: 604,14 €
       Voir le panierValidation de la commande

     * 3 thés offerts à partir de 49 € d'achat. Code : HAPPYTEA *

     * 3 thés offerts à partir de 49 € d'achat. Code : HAPPYTEA *

     * Accessoires
     * Fabulous Glow
     * Happy Vibes
     * Lovely Shine
     * Nos Promos
     * Packs
     * Sweet Shapes

   Boutique
   Filtrer

   Voici les 77 résultats
   [Tri par défaut_____________________.]
     * You cannot add an empty set to the cart. Try it again:
       https://www.naturalmojo.fr/produit/my-skin-care-mix/

   Poursuivre les achats «Fit Caps» a été ajouté à votre panier.
   Poursuivre les achats «Diet Caps» a été ajouté à votre panier.
   Poursuivre les achats «Carb Blocker» a été ajouté à votre panier.
   Poursuivre les achats «Pure Body» a été ajouté à votre panier.
   Poursuivre les achats «Sweet Classic» a été ajouté à votre panier.
   Poursuivre les achats «Pack Fit Cookie» a été ajouté à votre panier.
   Poursuivre les achats «Pack Fit Strawberry» a été ajouté à votre
   panier.
   Poursuivre les achats «Pack Strawberry-Cookie» a été ajouté à votre
   panier.
   Poursuivre les achats «Winter Treats» a été ajouté à votre panier.
   Poursuivre les achats «Shape Caps» a été ajouté à votre panier.
   Poursuivre les achats «Pack Good Care» a été ajouté à votre panier.
   Poursuivre les achats «Fall Vibes» a été ajouté à votre panier.
   Poursuivre les achats «Summer Shape» a été ajouté à votre panier.

   Sweet Shapes

   My Mojo Mix
   Note 4.80 sur 5
   0,00 €
   Choisis ton pack
   Ajouter au panier

   Packs

   My Shake Mix
   Note 5.00 sur 5
   0,00 €
   Choisis ton pack
   Ajouter au panier

   Sweet Shapes

   Fit Cookie
   Note 4.25 sur 5
   À partir de : 39,99 €

   [DEL: 79,98 € :DEL] [INS: 79,98 € :INS] / kg
   Ajouter au panier

   Sweet Shapes

   Fit Mango
   Note 4.44 sur 5
   À partir de : 39,99 €

   [DEL: 79,98 € :DEL] [INS: 79,98 € :INS] / kg
   Ajouter au panier

   Sweet Shapes

   Fit Caramel
   À partir de : 39,99 €

   [DEL: 79,98 € :DEL] [INS: 79,98 € :INS] / kg
   Ajouter au panier

   Sweet Shapes

   Fit Vanilla
   Note 5.00 sur 5
   À partir de : 39,99 €

   [DEL: 79,98 € :DEL] [INS: 79,98 € :INS] / kg
   Ajouter au panier

   Sweet Shapes

   Fit Chocolate
   Note 4.89 sur 5
   À partir de : 39,99 €

   [DEL: 79,98 € :DEL] [INS: 79,98 € :INS] / kg
   Ajouter au panier

   Sweet Shapes

   Fit Strawberry
   Note 5.00 sur 5
   À partir de : 39,99 €

   [DEL: 79,98 € :DEL] [INS: 79,98 € :INS] / kg
   Ajouter au panier

   Sweet Shapes

   Fit Banana
   Note 5.00 sur 5
   À partir de : 39,99 €

   [DEL: 79,98 € :DEL] [INS: 79,98 € :INS] / kg
   Ajouter au panier

   Sweet Shapes

   Fit Cappuccino
   Note 4.33 sur 5
   À partir de : 39,99 €

   [DEL: 79,98 € :DEL] [INS: 79,98 € :INS] / kg
   Ajouter au panier

   Sweet Shapes

   Fit Coco
   Note 5.00 sur 5
   À partir de : 39,99 €

   [DEL: 79,98 € :DEL] [INS: 79,98 € :INS] / kg
   Ajouter au panier

   Sweet Shapes

   Fit Berry
   À partir de : 39,99 €

   [DEL: 79,98 € :DEL] [INS: 79,98 € :INS] / kg
   Ajouter au panier

   Sweet Shapes

   My Shape Caps Mix
   0,00 €
   Choisis ton pack
   Ajouter au panier

   Sweet Shapes

   Fit Caps
   Note 4.50 sur 5
   39,99 €

   80,14 € / 100 g
   Ajouter au panier

   Sweet Shapes

   Diet Caps
   Note 4.50 sur 5
   39,99 €

   47,83 € / 100 g
   Ajouter au panier

   Sweet Shapes

   Carb Blocker
   Note 3.00 sur 5
   39,99 €

   87,31 € / 100 g
   Ajouter au panier

   Sweet Shapes

   Pure Body
   29,99 €

   14,99 € / 100 g
   Ajouter au panier

   Packs

   Box Mojo Slim – programme 1 semaine
   [DEL: 139,96 € :DEL] [INS: 119,98 € :INS]
   Choix des options

   Packs

   Box Mojo Slim – programme 2 semaines
   [DEL: 209,94 € :DEL] [INS: 149,99 € :INS]
   Choix des options

   Packs

   Box Mojo Slim – programme 4 semaines
   [DEL: 264,91 € :DEL] [INS: 200,00 € :INS]
   Choix des options

   Packs

   Box Mojo Slim – programme 6 semaines
   [DEL: 304,90 € :DEL] [INS: 229,97 € :INS]
   Choix des options

   Packs

   Sweet Classic
   Note 4.40 sur 5
   [DEL: 99,97 € :DEL] [INS: 84,99 € :INS]
   Ajouter au panier

   Packs

   Pack Fit Cookie
   Note 4.25 sur 5
   [DEL: 59,98 € :DEL] [INS: 52,99 € :INS]
   Ajouter au panier

   Packs

   Pack Fit Strawberry
   Note 5.00 sur 5
   [DEL: 59,98 € :DEL] [INS: 52,99 € :INS]
   Ajouter au panier

   Packs

   Pack Strawberry-Cookie
   [DEL: 79,98 € :DEL] [INS: 70,99 € :INS]

   [DEL: 79,98 € :DEL] [INS: 70,99 € :INS] / kg
   Ajouter au panier

   Packs

   Winter Treats
   [DEL: 104,97 € :DEL] [INS: 89,99 € :INS]
   Ajouter au panier

   Packs

   Shape Caps
   [DEL: 119,97 € :DEL] [INS: 99,99 € :INS]
   Ajouter au panier

   Fabulous Glow

   Pack Good Care
   [DEL: 99,97 € :DEL] [INS: 84,97 € :INS]
   Ajouter au panier

   Happy Vibes

   Fall Vibes
   [DEL: 94,97 € :DEL] [INS: 79,99 € :INS]
   Ajouter au panier
   Nouveau

   Packs

   Summer Shape
   [DEL: 114,96 € :DEL] [INS: 99,99 € :INS]
   Ajouter au panier

   Fabulous Glow

   My Skin Care Mix
   0,00 €
   Choisis ton pack
   Ajouter au panier
   Nouveau

   Fabulous Glow

   Skin Mojo Box
   [DEL: 129,99 € :DEL] [INS: 109,99 € :INS]
   Ajouter au panier

   Fabulous Glow

   Skin Beauty
   Note 5.00 sur 5
   29,99 €

   65,34 € / 100 g
   Ajouter au panier

   Fabulous Glow

   Pure Glow
   39,99 €

   109,26 € / 100 g
   Ajouter au panier

   Fabulous Glow

   Aqua Splash
   Note 4.00 sur 5
   39,99 €

   181,77 € / 100 g
   Ajouter au panier

   Fabulous Glow

   Glow Protect
   39,99 €

   84,01 € / 100 g
   Ajouter au panier
   Nouveau

   Fabulous Glow

   Clear Glow
   39,99 €

   15,98 € / 100 g
   Ajouter au panier
   Nouveau

   Fabulous Glow

   Glam Protect
   Note 5.00 sur 5
   39,99 €

   15,99 € / 100 g
   Ajouter au panier

   Fabulous Glow

   True Beauty
   Note 4.60 sur 5
   29,99 €

   19,99 € / 100 g
   Ajouter au panier

   Fabulous Glow

   Skin Routine
   [DEL: 119,97 € :DEL] [INS: 99,99 € :INS]
   Ajouter au panier

   Fabulous Glow

   Magic Skin
   [DEL: 109,97 € :DEL] [INS: 94,99 € :INS]
   Ajouter au panier

   Fabulous Glow

   Happy Mum
   Note 4.00 sur 5
   [DEL: 94,96 € :DEL] [INS: 75,99 € :INS]
   Ajouter au panier

   Fabulous Glow

   Royal Beauty
   Note 4.40 sur 5
   [DEL: 74,97 € :DEL] [INS: 62,99 € :INS]
   Ajouter au panier

   Happy Vibes

   My Tea Mix
   0,00 €
   Choisis ton pack
   Ajouter au panier

   Sweet Shapes

   Fruity Slim
   Note 5.00 sur 5
   14,99 €

   14,99 € / 100 g
   Ajouter au panier

   Fabulous Glow

   Red Beauty
   14,99 €

   14,99 € / 100 g
   Ajouter au panier

   Sweet Shapes

   Green Cleanse
   Note 5.00 sur 5
   14,99 €

   14,99 € / 100 g
   Ajouter au panier

   Happy Vibes

   Sunrise Energy
   Note 3.00 sur 5
   14,99 €

   14,99 € / 100 g
   Ajouter au panier

   Happy Vibes

   Daily Comfort
   14,99 €

   14,99 € / 100 g
   Ajouter au panier

   Happy Vibes

   Sunset Chill
   14,99 €

   14,99 € / 100 g
   Ajouter au panier

   Happy Vibes

   Black Rose
   14,99 €

   14,99 € / 100 g
   Ajouter au panier

   Happy Vibes

   My Greens Mix
   0,00 €
   Choisis ton pack
   Ajouter au panier

   Happy Vibes

   Berry Boost
   Note 3.50 sur 5
   29,99 €

   19,60 € / 100 g
   Ajouter au panier

   Happy Vibes

   Sunny Soul
   Note 5.00 sur 5
   29,99 €

   19,99 € / 100 g
   Ajouter au panier

   Happy Vibes

   Choco Dream
   Note 5.00 sur 5
   24,99 €

   16,66 € / 100 g
   Ajouter au panier

   Happy Vibes

   Happy Bars
   14,99 €

   8,33 € / 100 g
   Ajouter au panier
   Nouveau

   Packs

   Glow Snacks
   [DEL: 174,95 € :DEL] [INS: 129,99 € :INS]
   Ajouter au panier
   Nouveau

   Packs

   Summer Snacks
   [DEL: 124,96 € :DEL] [INS: 99,99 € :INS]
   Ajouter au panier
   Nouveau

   Packs

   Beauty Snacks
   [DEL: 84,97 € :DEL] [INS: 72,99 € :INS]
   Ajouter au panier
   Nouveau

   Packs

   Snack Party
   [DEL: 104,93 € :DEL] [INS: 74,99 € :INS]
   Ajouter au panier
   Promo -37%

   Nos Promos

   Fit Vanilla – première édition
   À partir de : [DEL: 39,99 € :DEL] [INS: 24,99 € :INS]

   [DEL: 8,33 € :DEL] [INS: 5,21 € :INS] / 100 g
   Ajouter au panier
   Promo -37%

   Nos Promos

   Fit Chocolate – première édition
   Note 4.33 sur 5
   À partir de : [DEL: 39,99 € :DEL] [INS: 24,99 € :INS]

   [DEL: 8,33 € :DEL] [INS: 5,21 € :INS] / 100 g
   Ajouter au panier
   Promo -37%

   Nos Promos

   Fit Berry – première édition
   À partir de : [DEL: 39,99 € :DEL] [INS: 24,99 € :INS]

   [DEL: 8,33 € :DEL] [INS: 5,21 € :INS] / 100 g
   Ajouter au panier
   Promo -40%

   Nos Promos

   2 x Fit Vanilla – première édition
   À partir de : [DEL: 79,98 € :DEL] [INS: 47,98 € :INS]

   [DEL: 8,33 € :DEL] [INS: 5,00 € :INS] / 100 g
   Ajouter au panier
   Promo -40%

   Nos Promos

   2 x Fit Chocolate – première édition
   À partir de : [DEL: 79,98 € :DEL] [INS: 47,98 € :INS]

   [DEL: 8,33 € :DEL] [INS: 5,00 € :INS] / 100 g
   Ajouter au panier
   Promo -40%

   Nos Promos

   2 x Fit Berry – première édition
   À partir de : [DEL: 79,98 € :DEL] [INS: 47,98 € :INS]

   [DEL: 8,33 € :DEL] [INS: 5,00 € :INS] / 100 g
   Ajouter au panier
   Promo -43%

   Nos Promos

   3 x Fit Vanilla – première édition
   À partir de : [DEL: 119,97 € :DEL] [INS: 68,97 € :INS]

   [DEL: 8,33 € :DEL] [INS: 4,79 € :INS] / 100 g
   Ajouter au panier
   Promo -43%

   Nos Promos

   3 x Fit Chocolate – première édition
   À partir de : [DEL: 119,97 € :DEL] [INS: 68,97 € :INS]

   [DEL: 8,33 € :DEL] [INS: 4,79 € :INS] / 100 g
   Ajouter au panier
   Promo -43%

   Nos Promos

   3 x Fit Berry – première édition
   À partir de : [DEL: 119,97 € :DEL] [INS: 68,97 € :INS]

   [DEL: 8,33 € :DEL] [INS: 4,79 € :INS] / 100 g
   Ajouter au panier
   Promo -50%

   Nos Promos

   4 x Fit Vanilla – première édition
   À partir de : [DEL: 159,96 € :DEL] [INS: 79,96 € :INS]

   [DEL: 8,33 € :DEL] [INS: 4,16 € :INS] / 100 g
   Ajouter au panier
   Promo -50%

   Nos Promos

   4 x Fit Chocolate – première édition
   À partir de : [DEL: 159,96 € :DEL] [INS: 79,96 € :INS]

   [DEL: 8,33 € :DEL] [INS: 4,16 € :INS] / 100 g
   Ajouter au panier
   Promo -50%

   Nos Promos

   4 x Fit Berry – première édition
   À partir de : [DEL: 159,96 € :DEL] [INS: 79,96 € :INS]

   [DEL: 8,33 € :DEL] [INS: 4,16 € :INS] / 100 g
   Ajouter au panier

   Accessoires

   Premium Shaker
   19,99 €
   Ajouter au panier

   Accessoires

   Natural Mojo Verre à smoothie
   9,99 €
   Ajouter au panier

   Accessoires

   Tea Infuser Bottle
   19,99 €
   Ajouter au panier

   Accessoires

   Tea Glass infuser
   [DEL: 29,99 € :DEL] [INS: 24,99 € :INS]
   Ajouter au panier

   Sweet Shapes

   Plan nutritionnel de 5 jours
   [DEL: 14,99 € :DEL] [INS: 9,99 € :INS]
   Ajouter au panier

   ____________________
   (BUTTON)

   Catégories de produits
     * Accessoires (4)
     * Fabulous Glow (16)
     * Happy Vibes (12)
     * Lovely Shine (5)
     * Nos Promos (12)
     * Packs (28)
     * Sweet Shapes (32)

   Étiquettes produit
   Barres Cheveux Detox Gélules Humeur / État d’esprit Matin Midi Mode de
   vie sain Ongles Peau Perte de poids Poudres de super-aliments
   Purification intérieure Relaxation Sans gluten Sans lactose Sans soja
   Soir Substituts de repas - Shakes Thés Tout le temps vegan Vie saine À
   tout moment Énergie

   Produits
     * Glow Snacks [DEL: 174,95 € :DEL] [INS: 129,99 € :INS]
     * Beauty Snacks [DEL: 84,97 € :DEL] [INS: 72,99 € :INS]
     * Summer Snacks [DEL: 124,96 € :DEL] [INS: 99,99 € :INS]
     * Snack Party [DEL: 104,93 € :DEL] [INS: 74,99 € :INS]
     * Clear Glow 39,99 €
       15,98 € / 100 g

   Recently viewed products
     * My Mojo Mix 0,00 €
     * Fit Chocolate À partir de : 39,99 €
     * 4 x Fit Berry - première édition À partir de : [DEL: 159,96 € :DEL]
       [INS: 79,96 € :INS]
     * 4 x Fit Chocolate - première édition À partir de : [DEL: 159,96 €
       :DEL] [INS: 79,96 € :INS]
     * 4 x Fit Vanilla - première édition À partir de : [DEL: 159,96 €
       :DEL] [INS: 79,96 € :INS]
     * 3 x Fit Berry - première édition À partir de : [DEL: 119,97 € :DEL]
       [INS: 68,97 € :INS]
     * 3 x Fit Chocolate - première édition À partir de : [DEL: 119,97 €
       :DEL] [INS: 68,97 € :INS]
     * 3 x Fit Vanilla - première édition À partir de : [DEL: 119,97 €
       :DEL] [INS: 68,97 € :INS]
     * 2 x Fit Berry - première édition À partir de : [DEL: 79,98 € :DEL]
       [INS: 47,98 € :INS]
     * 2 x Fit Chocolate - première édition À partir de : [DEL: 79,98 €
       :DEL] [INS: 47,98 € :INS]

     *
     *
     *
     *

     *
     *
     *
     *
     *
     *

   * Valable pour un achat minimum de 49 € jusqu’au 30.09.2019. Offre non
   cumulable. Ne s’applique pas sur les produits de la catégorie “Nos
   Promos”. Dans les limites du stock disponible.
   Naturalmojo
     * Boutique
     * À propos
     * Blog
     * Contact
     * Carrières
     * Communauté WhatsApp

   Aide
     * Suivre votre commande
     * FAQ
     * Processus de commande
     * Modes de paiement
     * Frais de livraison & Livraison
     * Conditions d’annulation

   COMPTE CLIENT
     * Mon compte
     * Mes commandes
     * Modifier mon compte
     * Parraine un ami

   Newsletter
   -10% offre de bienvenue & offres hebdomadaires ____________________
   (BUTTON) Je m'inscris ! J'autorise le traitement de mes données afin de
   recevoir des offres et des informations sur les produits de beauté de
   Natural Mojo GmbH, notamment les nouvelles offres et invitations à des
   événements par e-mail. Le consentement est donné volontairement. Vous
   pouvez révoquer votre consentement à tout moment. La légalité du
   traitement jusqu'à l'exercice de votre droit de révocation n'est pas
   affectée. Pour exercer votre droit de révocation, vous pouvez cliquer
   sur le lien de désabonnement dans le message correspondant ou nous
   envoyer un message à nos coordonnées. Vous trouverez de plus amples
   informations sur la protection des données dans notre politique de
   confidentialité.
     * Termes & Conditions
     * Politique de confidentialité
     * Mentions légales

     * ____________________
       (BUTTON)
     * Boutique
          + SWEET SHAPES – Silhouette et Bien-Être
          + FABULOUS GLOW – Peau et Visage
          + LOVELY SHINE – Cheveux et Ongles
          + HAPPY VIBES – Énergie et Vitalité
          + Accessoires
          + Packs
          + Nos Promos
          + Tous les produits
     * Packs
     * Crée ton pack
     * Nos Promos
     * Filtres produits
          + Type de produit
               o Poudres de super-aliments
               o Substituts de repas – Shakes
               o Gélules
               o Thés
          + Beauté
               o Peau
               o Ongles
               o Cheveux
               o Humeur / État d’esprit
          + Objectifs
               o Perte de poids
               o Mode de vie sain
               o Detox
               o Énergie
               o Digestion
               o Relaxation
          + Caractéristique
               o vegan
               o Sans gluten
               o Sans lactose
               o Sans soja
          + Usage
               o Matin
               o Midi
               o Soir
               o À tout moment
     * Suivre votre commande
     * Blog
          + Témoignages
          + Sport
          + Recettes
          + Super-aliments
     * À propos
          + Notre philosophie
          + Notre Histoire
          + Nos Produits
          + Nos Superfoods
          + Facile à préparer
     * FAQ
     * Contact
     * Connexion
    #Naturalmojo.fr » Flux Naturalmojo.fr » Flux des commentaires
   Naturalmojo.fr » Flux pour Produits

   Skip to content

     * FR
     * DE
     * IT
     * PL
     * UK

     *
          + Contact
          + FAQ
          + Mon Compte
          + Livraison gratuite à partir de 50€

   Naturalmojo.fr Naturalmojo.fr
     *

     * Boutique
          + Boutique
               o SWEET SHAPES – Silhouette et Bien-Être
               o FABULOUS GLOW – Peau et Visage
               o LOVELY SHINE – Cheveux et Ongles
               o HAPPY VIBES – Énergie et Vitalité
               o Accessoires
               o Packs
               o Nos Promos
               o Tous les produits
     * Packs
          + Packs
          + Crée ton pack
     * Promo
     * Blog
          + Témoignages
          + Sport
          + Recettes
          + Super-aliments
     * À propos
          + Notre philosophie
          + Notre Histoire
          + Nos Produits
          + Nos Superfoods
          + Facile à préparer
          + FAQ

     * Panier Panier

     * Panier

Panier
          + × Fit Cookie 5 × 39,99 €
          + × Fit Mango 5 × 39,99 €
          + × Fit Caramel 4 × 39,99 €
          + × Fit Vanilla 4 × 39,99 €
          + × Fit Chocolate 5 × 39,99 €
          + × Fit Strawberry 4 × 39,99 €
          + × Fit Banana 3 × 39,99 €
          + × Fit Cappuccino 3 × 39,99 €
          + × Fit Coco 3 × 39,99 €
          + × Fit Berry 3 × 39,99 €
          + × Fit Caps
            Product contains: 49,9 g
            3 × 39,99 € 80,14 € / 100 g
          + × Diet Caps
            Product contains: 83,6 g
            3 × 39,99 € 47,83 € / 100 g
          + × Carb Blocker
            Product contains: 45,8 g
            3 × 39,99 € 87,31 € / 100 g
          + × Pure Body
            Product contains: 200 g
            3 × 29,99 € 14,99 € / 100 g
          + × Sweet Classic 4 × 84,99 €
          + × Pack Fit Cookie 5 × 52,99 €
          + × Pack Fit Strawberry 4 × 52,99 €
          + × Pack Strawberry-Cookie 5 × 70,99 €
          + × Winter Treats 4 × 89,99 €
          + × Shape Caps 4 × 99,99 €
          + × Pack Good Care 5 × 84,97 €
          + × Fall Vibes 4 × 79,99 €
          + × Summer Shape 3 × 99,99 €
          + × Skin Mojo Box 4 × 109,99 €
          + × Skin Beauty
            Product contains: 45,9 g
            3 × 29,99 € 65,34 € / 100 g
          + × Pure Glow
            Product contains: 36,6 g
            3 × 39,99 € 109,26 € / 100 g
          + × Aqua Splash
            Product contains: 22 g
            3 × 39,99 € 181,77 € / 100 g
          + × Glow Protect
            Product contains: 47,6 g
            3 × 39,99 € 84,01 € / 100 g
          + × Clear Glow
            Product contains: 250 g
            3 × 39,99 € 15,98 € / 100 g
          + × Glam Protect
            Product contains: 250 g
            3 × 39,99 € 15,99 € / 100 g
          + × True Beauty
            Product contains: 150 g
            5 × 29,99 € 19,99 € / 100 g
          + × Skin Routine 4 × 99,99 €
          + × Magic Skin 4 × 94,99 €
          + × Happy Mum 6 × 75,99 €
          + × Royal Beauty 5 × 62,99 €
          + × Fruity Slim
            Product contains: 100 g
            2 × 14,99 € 14,99 € / 100 g
          + × Red Beauty
            Product contains: 100 g
            3 × 14,99 € 14,99 € / 100 g
          + × Green Cleanse
            Product contains: 100 g
            3 × 14,99 € 14,99 € / 100 g
          + × Sunrise Energy
            Product contains: 100 g
            2 × 14,99 € 14,99 € / 100 g
          + × Daily Comfort
            Product contains: 100 g
            2 × 14,99 € 14,99 € / 100 g
          + × Sunset Chill
            Product contains: 100 g
            2 × 14,99 € 14,99 € / 100 g
          + × Black Rose
            Product contains: 100 g
            2 × 14,99 € 14,99 € / 100 g
          + × Berry Boost
            Product contains: 153 g
            2 × 29,99 € 19,60 € / 100 g
          + × Sunny Soul
            Product contains: 150 g
            2 × 29,99 € 19,99 € / 100 g
          + × Choco Dream
            Product contains: 150 g
            3 × 24,99 € 16,66 € / 100 g
          + × Happy Bars
            Product contains: 180 g
            2 × 14,99 € 8,33 € / 100 g
          + × Glow Snacks 2 × 129,99 €
          + × Summer Snacks 2 × 99,99 €
          + × Beauty Snacks 2 × 72,99 €
          + × Snack Party 2 × 74,99 €
          + × Fit Vanilla - première édition 2 × 24,99 €
          + × Fit Chocolate - première édition 2 × 24,99 €
          + × Fit Berry - première édition 2 × 24,99 €
          + × 2 x Fit Vanilla - première édition 2 × 47,98 €
          + × 2 x Fit Chocolate - première édition 2 × 47,98 €
          + × 2 x Fit Berry - première édition 2 × 47,98 €
          + × 3 x Fit Vanilla - première édition 2 × 68,97 €
          + × 3 x Fit Chocolate - première édition 2 × 68,97 €
          + × 3 x Fit Berry - première édition 2 × 68,97 €
          + × 4 x Fit Vanilla - première édition 2 × 79,96 €
          + × 4 x Fit Chocolate - première édition 2 × 79,96 €
          + × 4 x Fit Berry - première édition 2 × 79,96 €
          + × Premium Shaker 2 × 19,99 €
          + × Natural Mojo Verre à smoothie 2 × 9,99 €
          + × Tea Infuser Bottle 2 × 19,99 €
          + × Tea Glass infuser 2 × 24,99 €
          + × Plan nutritionnel de 5 jours 2 × 9,99 €
          + Plan nutritionnel de 5 jours
            En cadeau
            1 × 9,99 €
          + Sunrise Energy
            Product contains: 100 g
            En cadeau
            1 × 14,99 € 14,99 € / 100 g
          + Fit Vanilla - première édition
            Product contains: 480 g
            En cadeau
            1 × 39,99 € 8,33 € / 100 g
       Sous-total: 10.538,52 €
       incl. VAT: 654,34 €
       Voir le panierValidation de la commande

     * 3 thés offerts à partir de 49 € d'achat. Code : HAPPYTEA *

     * 3 thés offerts à partir de 49 € d'achat. Code : HAPPYTEA *

     * Accessoires
     * Fabulous Glow
     * Happy Vibes
     * Lovely Shine
     * Nos Promos
     * Packs
     * Sweet Shapes

   Boutique
   Filtrer

   Voici les 77 résultats
   [Tri par défaut_____________________.]
     * You cannot add an empty set to the cart. Try it again:
       https://www.naturalmojo.fr/produit/my-tea-mix/

   Poursuivre les achats «Skin Mojo Box» a été ajouté à votre panier.
   Poursuivre les achats «Skin Beauty» a été ajouté à votre panier.
   Poursuivre les achats «Pure Glow» a été ajouté à votre panier.
   Poursuivre les achats «Aqua Splash» a été ajouté à votre panier.
   Poursuivre les achats «Glow Protect» a été ajouté à votre panier.
   Poursuivre les achats «Clear Glow» a été ajouté à votre panier.
   Poursuivre les achats «Glam Protect» a été ajouté à votre panier.
   Poursuivre les achats «True Beauty» a été ajouté à votre panier.
   Poursuivre les achats «Skin Routine» a été ajouté à votre panier.
   Poursuivre les achats «Magic Skin» a été ajouté à votre panier.
   Poursuivre les achats «Happy Mum» a été ajouté à votre panier.
   Poursuivre les achats «Royal Beauty» a été ajouté à votre panier.

   Sweet Shapes

   My Mojo Mix
   Note 4.80 sur 5
   0,00 €
   Choisis ton pack
   Ajouter au panier

   Sweet Shapes

   My Shake Mix
   Note 5.00 sur 5
   0,00 €
   Choisis ton pack
   Ajouter au panier

   Sweet Shapes

   Fit Cookie
   Note 4.25 sur 5
   À partir de : 39,99 €

   [DEL: 79,98 € :DEL] [INS: 79,98 € :INS] / kg
   Ajouter au panier

   Sweet Shapes

   Fit Mango
   Note 4.44 sur 5
   À partir de : 39,99 €

   [DEL: 79,98 € :DEL] [INS: 79,98 € :INS] / kg
   Ajouter au panier

   Sweet Shapes

   Fit Caramel
   À partir de : 39,99 €

   [DEL: 79,98 € :DEL] [INS: 79,98 € :INS] / kg
   Ajouter au panier

   Sweet Shapes

   Fit Vanilla
   Note 5.00 sur 5
   À partir de : 39,99 €

   [DEL: 79,98 € :DEL] [INS: 79,98 € :INS] / kg
   Ajouter au panier

   Sweet Shapes

   Fit Chocolate
   Note 4.89 sur 5
   À partir de : 39,99 €

   [DEL: 79,98 € :DEL] [INS: 79,98 € :INS] / kg
   Ajouter au panier

   Sweet Shapes

   Fit Strawberry
   Note 5.00 sur 5
   À partir de : 39,99 €

   [DEL: 79,98 € :DEL] [INS: 79,98 € :INS] / kg
   Ajouter au panier

   Sweet Shapes

   Fit Banana
   Note 5.00 sur 5
   À partir de : 39,99 €

   [DEL: 79,98 € :DEL] [INS: 79,98 € :INS] / kg
   Ajouter au panier

   Sweet Shapes

   Fit Cappuccino
   Note 4.33 sur 5
   À partir de : 39,99 €

   [DEL: 79,98 € :DEL] [INS: 79,98 € :INS] / kg
   Ajouter au panier

   Sweet Shapes

   Fit Coco
   Note 5.00 sur 5
   À partir de : 39,99 €

   [DEL: 79,98 € :DEL] [INS: 79,98 € :INS] / kg
   Ajouter au panier

   Sweet Shapes

   Fit Berry
   À partir de : 39,99 €

   [DEL: 79,98 € :DEL] [INS: 79,98 € :INS] / kg
   Ajouter au panier

   Sweet Shapes

   My Shape Caps Mix
   0,00 €
   Choisis ton pack
   Ajouter au panier

   Sweet Shapes

   Fit Caps
   Note 4.50 sur 5
   39,99 €

   80,14 € / 100 g
   Ajouter au panier

   Sweet Shapes

   Diet Caps
   Note 4.50 sur 5
   39,99 €

   47,83 € / 100 g
   Ajouter au panier

   Sweet Shapes

   Carb Blocker
   Note 3.00 sur 5
   39,99 €

   87,31 € / 100 g
   Ajouter au panier

   Sweet Shapes

   Pure Body
   29,99 €

   14,99 € / 100 g
   Ajouter au panier

   Packs

   Box Mojo Slim – programme 1 semaine
   [DEL: 139,96 € :DEL] [INS: 119,98 € :INS]
   Choix des options

   Packs

   Box Mojo Slim – programme 2 semaines
   [DEL: 209,94 € :DEL] [INS: 149,99 € :INS]
   Choix des options

   Packs

   Box Mojo Slim – programme 4 semaines
   [DEL: 264,91 € :DEL] [INS: 200,00 € :INS]
   Choix des options

   Packs

   Box Mojo Slim – programme 6 semaines
   [DEL: 304,90 € :DEL] [INS: 229,97 € :INS]
   Choix des options

   Packs

   Sweet Classic
   Note 4.40 sur 5
   [DEL: 99,97 € :DEL] [INS: 84,99 € :INS]
   Ajouter au panier

   Packs

   Pack Fit Cookie
   Note 4.25 sur 5
   [DEL: 59,98 € :DEL] [INS: 52,99 € :INS]
   Ajouter au panier

   Packs

   Pack Fit Strawberry
   Note 5.00 sur 5
   [DEL: 59,98 € :DEL] [INS: 52,99 € :INS]
   Ajouter au panier

   Packs

   Pack Strawberry-Cookie
   [DEL: 79,98 € :DEL] [INS: 70,99 € :INS]

   [DEL: 79,98 € :DEL] [INS: 70,99 € :INS] / kg
   Ajouter au panier

   Packs

   Winter Treats
   [DEL: 104,97 € :DEL] [INS: 89,99 € :INS]
   Ajouter au panier

   Packs

   Shape Caps
   [DEL: 119,97 € :DEL] [INS: 99,99 € :INS]
   Ajouter au panier

   Fabulous Glow

   Pack Good Care
   [DEL: 99,97 € :DEL] [INS: 84,97 € :INS]
   Ajouter au panier

   Happy Vibes

   Fall Vibes
   [DEL: 94,97 € :DEL] [INS: 79,99 € :INS]
   Ajouter au panier
   Nouveau

   Packs

   Summer Shape
   [DEL: 114,96 € :DEL] [INS: 99,99 € :INS]
   Ajouter au panier

   Fabulous Glow

   My Skin Care Mix
   0,00 €
   Choisis ton pack
   Ajouter au panier
   Nouveau

   Fabulous Glow

   Skin Mojo Box
   [DEL: 129,99 € :DEL] [INS: 109,99 € :INS]
   Ajouter au panier

   Fabulous Glow

   Skin Beauty
   Note 5.00 sur 5
   29,99 €

   65,34 € / 100 g
   Ajouter au panier

   Fabulous Glow

   Pure Glow
   39,99 €

   109,26 € / 100 g
   Ajouter au panier

   Fabulous Glow

   Aqua Splash
   Note 4.00 sur 5
   39,99 €

   181,77 € / 100 g
   Ajouter au panier

   Fabulous Glow

   Glow Protect
   39,99 €

   84,01 € / 100 g
   Ajouter au panier
   Nouveau

   Fabulous Glow

   Clear Glow
   39,99 €

   15,98 € / 100 g
   Ajouter au panier
   Nouveau

   Fabulous Glow

   Glam Protect
   Note 5.00 sur 5
   39,99 €

   15,99 € / 100 g
   Ajouter au panier

   Fabulous Glow

   True Beauty
   Note 4.60 sur 5
   29,99 €

   19,99 € / 100 g
   Ajouter au panier

   Fabulous Glow

   Skin Routine
   [DEL: 119,97 € :DEL] [INS: 99,99 € :INS]
   Ajouter au panier

   Fabulous Glow

   Magic Skin
   [DEL: 109,97 € :DEL] [INS: 94,99 € :INS]
   Ajouter au panier

   Fabulous Glow

   Happy Mum
   Note 4.00 sur 5
   [DEL: 94,96 € :DEL] [INS: 75,99 € :INS]
   Ajouter au panier

   Fabulous Glow

   Royal Beauty
   Note 4.40 sur 5
   [DEL: 74,97 € :DEL] [INS: 62,99 € :INS]
   Ajouter au panier

   Happy Vibes

   My Tea Mix
   0,00 €
   Choisis ton pack
   Ajouter au panier

   Sweet Shapes

   Fruity Slim
   Note 5.00 sur 5
   14,99 €

   14,99 € / 100 g
   Ajouter au panier

   Fabulous Glow

   Red Beauty
   14,99 €

   14,99 € / 100 g
   Ajouter au panier

   Sweet Shapes

   Green Cleanse
   Note 5.00 sur 5
   14,99 €

   14,99 € / 100 g
   Ajouter au panier

   Happy Vibes

   Sunrise Energy
   Note 3.00 sur 5
   14,99 €

   14,99 € / 100 g
   Ajouter au panier

   Happy Vibes

   Daily Comfort
   14,99 €

   14,99 € / 100 g
   Ajouter au panier

   Happy Vibes

   Sunset Chill
   14,99 €

   14,99 € / 100 g
   Ajouter au panier

   Happy Vibes

   Black Rose
   14,99 €

   14,99 € / 100 g
   Ajouter au panier

   Happy Vibes

   My Greens Mix
   0,00 €
   Choisis ton pack
   Ajouter au panier

   Happy Vibes

   Berry Boost
   Note 3.50 sur 5
   29,99 €

   19,60 € / 100 g
   Ajouter au panier

   Happy Vibes

   Sunny Soul
   Note 5.00 sur 5
   29,99 €

   19,99 € / 100 g
   Ajouter au panier

   Happy Vibes

   Choco Dream
   Note 5.00 sur 5
   24,99 €

   16,66 € / 100 g
   Ajouter au panier

   Happy Vibes

   Happy Bars
   14,99 €

   8,33 € / 100 g
   Ajouter au panier
   Nouveau

   Packs

   Glow Snacks
   [DEL: 174,95 € :DEL] [INS: 129,99 € :INS]
   Ajouter au panier
   Nouveau

   Packs

   Summer Snacks
   [DEL: 124,96 € :DEL] [INS: 99,99 € :INS]
   Ajouter au panier
   Nouveau

   Packs

   Beauty Snacks
   [DEL: 84,97 € :DEL] [INS: 72,99 € :INS]
   Ajouter au panier
   Nouveau

   Packs

   Snack Party
   [DEL: 104,93 € :DEL] [INS: 74,99 € :INS]
   Ajouter au panier
   Promo -37%

   Nos Promos

   Fit Vanilla – première édition
   À partir de : [DEL: 39,99 € :DEL] [INS: 24,99 € :INS]

   [DEL: 8,33 € :DEL] [INS: 5,21 € :INS] / 100 g
   Ajouter au panier
   Promo -37%

   Nos Promos

   Fit Chocolate – première édition
   Note 4.33 sur 5
   À partir de : [DEL: 39,99 € :DEL] [INS: 24,99 € :INS]

   [DEL: 8,33 € :DEL] [INS: 5,21 € :INS] / 100 g
   Ajouter au panier
   Promo -37%

   Nos Promos

   Fit Berry – première édition
   À partir de : [DEL: 39,99 € :DEL] [INS: 24,99 € :INS]

   [DEL: 8,33 € :DEL] [INS: 5,21 € :INS] / 100 g
   Ajouter au panier
   Promo -40%

   Nos Promos

   2 x Fit Vanilla – première édition
   À partir de : [DEL: 79,98 € :DEL] [INS: 47,98 € :INS]

   [DEL: 8,33 € :DEL] [INS: 5,00 € :INS] / 100 g
   Ajouter au panier
   Promo -40%

   Nos Promos

   2 x Fit Chocolate – première édition
   À partir de : [DEL: 79,98 € :DEL] [INS: 47,98 € :INS]

   [DEL: 8,33 € :DEL] [INS: 5,00 € :INS] / 100 g
   Ajouter au panier
   Promo -40%

   Nos Promos

   2 x Fit Berry – première édition
   À partir de : [DEL: 79,98 € :DEL] [INS: 47,98 € :INS]

   [DEL: 8,33 € :DEL] [INS: 5,00 € :INS] / 100 g
   Ajouter au panier
   Promo -43%

   Nos Promos

   3 x Fit Vanilla – première édition
   À partir de : [DEL: 119,97 € :DEL] [INS: 68,97 € :INS]

   [DEL: 8,33 € :DEL] [INS: 4,79 € :INS] / 100 g
   Ajouter au panier
   Promo -43%

   Nos Promos

   3 x Fit Chocolate – première édition
   À partir de : [DEL: 119,97 € :DEL] [INS: 68,97 € :INS]

   [DEL: 8,33 € :DEL] [INS: 4,79 € :INS] / 100 g
   Ajouter au panier
   Promo -43%

   Nos Promos

   3 x Fit Berry – première édition
   À partir de : [DEL: 119,97 € :DEL] [INS: 68,97 € :INS]

   [DEL: 8,33 € :DEL] [INS: 4,79 € :INS] / 100 g
   Ajouter au panier
   Promo -50%

   Nos Promos

   4 x Fit Vanilla – première édition
   À partir de : [DEL: 159,96 € :DEL] [INS: 79,96 € :INS]

   [DEL: 8,33 € :DEL] [INS: 4,16 € :INS] / 100 g
   Ajouter au panier
   Promo -50%

   Nos Promos

   4 x Fit Chocolate – première édition
   À partir de : [DEL: 159,96 € :DEL] [INS: 79,96 € :INS]

   [DEL: 8,33 € :DEL] [INS: 4,16 € :INS] / 100 g
   Ajouter au panier
   Promo -50%

   Nos Promos

   4 x Fit Berry – première édition
   À partir de : [DEL: 159,96 € :DEL] [INS: 79,96 € :INS]

   [DEL: 8,33 € :DEL] [INS: 4,16 € :INS] / 100 g
   Ajouter au panier

   Accessoires

   Premium Shaker
   19,99 €
   Ajouter au panier

   Accessoires

   Natural Mojo Verre à smoothie
   9,99 €
   Ajouter au panier

   Accessoires

   Tea Infuser Bottle
   19,99 €
   Ajouter au panier

   Accessoires

   Tea Glass infuser
   [DEL: 29,99 € :DEL] [INS: 24,99 € :INS]
   Ajouter au panier

   Sweet Shapes

   Plan nutritionnel de 5 jours
   [DEL: 14,99 € :DEL] [INS: 9,99 € :INS]
   Ajouter au panier

   ____________________
   (BUTTON)

   Catégories de produits
     * Accessoires (4)
     * Fabulous Glow (16)
     * Happy Vibes (12)
     * Lovely Shine (5)
     * Nos Promos (12)
     * Packs (28)
     * Sweet Shapes (32)

   Étiquettes produit
   Barres Cheveux Detox Gélules Humeur / État d’esprit Matin Midi Mode de
   vie sain Ongles Peau Perte de poids Poudres de super-aliments
   Purification intérieure Relaxation Sans gluten Sans lactose Sans soja
   Soir Substituts de repas - Shakes Thés Tout le temps vegan Vie saine À
   tout moment Énergie

   Produits
     * Glow Snacks [DEL: 174,95 € :DEL] [INS: 129,99 € :INS]
     * Beauty Snacks [DEL: 84,97 € :DEL] [INS: 72,99 € :INS]
     * Summer Snacks [DEL: 124,96 € :DEL] [INS: 99,99 € :INS]
     * Snack Party [DEL: 104,93 € :DEL] [INS: 74,99 € :INS]
     * Clear Glow 39,99 €
       15,98 € / 100 g

   Recently viewed products
     * My Mojo Mix 0,00 €
     * Fit Chocolate À partir de : 39,99 €
     * 4 x Fit Berry - première édition À partir de : [DEL: 159,96 € :DEL]
       [INS: 79,96 € :INS]
     * 4 x Fit Chocolate - première édition À partir de : [DEL: 159,96 €
       :DEL] [INS: 79,96 € :INS]
     * 4 x Fit Vanilla - première édition À partir de : [DEL: 159,96 €
       :DEL] [INS: 79,96 € :INS]
     * 3 x Fit Berry - première édition À partir de : [DEL: 119,97 € :DEL]
       [INS: 68,97 € :INS]
     * 3 x Fit Chocolate - première édition À partir de : [DEL: 119,97 €
       :DEL] [INS: 68,97 € :INS]
     * 3 x Fit Vanilla - première édition À partir de : [DEL: 119,97 €
       :DEL] [INS: 68,97 € :INS]
     * 2 x Fit Berry - première édition À partir de : [DEL: 79,98 € :DEL]
       [INS: 47,98 € :INS]
     * 2 x Fit Chocolate - première édition À partir de : [DEL: 79,98 €
       :DEL] [INS: 47,98 € :INS]

     *
     *
     *
     *

     *
     *
     *
     *
     *
     *

   * Valable pour un achat minimum de 49 € jusqu’au 30.09.2019. Offre non
   cumulable. Ne s’applique pas sur les produits de la catégorie “Nos
   Promos”. Dans les limites du stock disponible.
   Naturalmojo
     * Boutique
     * À propos
     * Blog
     * Contact
     * Carrières
     * Communauté WhatsApp

   Aide
     * Suivre votre commande
     * FAQ
     * Processus de commande
     * Modes de paiement
     * Frais de livraison & Livraison
     * Conditions d’annulation

   COMPTE CLIENT
     * Mon compte
     * Mes commandes
     * Modifier mon compte
     * Parraine un ami

   Newsletter
   -10% offre de bienvenue & offres hebdomadaires ____________________
   (BUTTON) Je m'inscris ! J'autorise le traitement de mes données afin de
   recevoir des offres et des informations sur les produits de beauté de
   Natural Mojo GmbH, notamment les nouvelles offres et invitations à des
   événements par e-mail. Le consentement est donné volontairement. Vous
   pouvez révoquer votre consentement à tout moment. La légalité du
   traitement jusqu'à l'exercice de votre droit de révocation n'est pas
   affectée. Pour exercer votre droit de révocation, vous pouvez cliquer
   sur le lien de désabonnement dans le message correspondant ou nous
   envoyer un message à nos coordonnées. Vous trouverez de plus amples
   informations sur la protection des données dans notre politique de
   confidentialité.
     * Termes & Conditions
     * Politique de confidentialité
     * Mentions légales

     * ____________________
       (BUTTON)
     * Boutique
          + SWEET SHAPES – Silhouette et Bien-Être
          + FABULOUS GLOW – Peau et Visage
          + LOVELY SHINE – Cheveux et Ongles
          + HAPPY VIBES – Énergie et Vitalité
          + Accessoires
          + Packs
          + Nos Promos
          + Tous les produits
     * Packs
     * Crée ton pack
     * Nos Promos
     * Filtres produits
          + Type de produit
               o Poudres de super-aliments
               o Substituts de repas – Shakes
               o Gélules
               o Thés
          + Beauté
               o Peau
               o Ongles
               o Cheveux
               o Humeur / État d’esprit
          + Objectifs
               o Perte de poids
               o Mode de vie sain
               o Detox
               o Énergie
               o Digestion
               o Relaxation
          + Caractéristique
               o vegan
               o Sans gluten
               o Sans lactose
               o Sans soja
          + Usage
               o Matin
               o Midi
               o Soir
               o À tout moment
     * Suivre votre commande
     * Blog
          + Témoignages
          + Sport
          + Recettes
          + Super-aliments
     * À propos
          + Notre philosophie
          + Notre Histoire
          + Nos Produits
          + Nos Superfoods
          + Facile à préparer
     * FAQ
     * Contact
     * Connexion
    #Naturalmojo.fr » Flux Naturalmojo.fr » Flux des commentaires
   Naturalmojo.fr » Flux pour Produits

   Skip to content

     * FR
     * DE
     * IT
     * PL
     * UK

     *
          + Contact
          + FAQ
          + Mon Compte
          + Livraison gratuite à partir de 50€

   Naturalmojo.fr Naturalmojo.fr
     *

     * Boutique
          + Boutique
               o SWEET SHAPES – Silhouette et Bien-Être
               o FABULOUS GLOW – Peau et Visage
               o LOVELY SHINE – Cheveux et Ongles
               o HAPPY VIBES – Énergie et Vitalité
               o Accessoires
               o Packs
               o Nos Promos
               o Tous les produits
     * Packs
          + Packs
          + Crée ton pack
     * Promo
     * Blog
          + Témoignages
          + Sport
          + Recettes
          + Super-aliments
     * À propos
          + Notre philosophie
          + Notre Histoire
          + Nos Produits
          + Nos Superfoods
          + Facile à préparer
          + FAQ

     * Panier Panier

     * Panier

Panier
          + × Fit Cookie 5 × 39,99 €
          + × Fit Mango 5 × 39,99 €
          + × Fit Caramel 4 × 39,99 €
          + × Fit Vanilla 4 × 39,99 €
          + × Fit Chocolate 5 × 39,99 €
          + × Fit Strawberry 4 × 39,99 €
          + × Fit Banana 3 × 39,99 €
          + × Fit Cappuccino 3 × 39,99 €
          + × Fit Coco 3 × 39,99 €
          + × Fit Berry 3 × 39,99 €
          + × Fit Caps
            Product contains: 49,9 g
            3 × 39,99 € 80,14 € / 100 g
          + × Diet Caps
            Product contains: 83,6 g
            3 × 39,99 € 47,83 € / 100 g
          + × Carb Blocker
            Product contains: 45,8 g
            3 × 39,99 € 87,31 € / 100 g
          + × Pure Body
            Product contains: 200 g
            3 × 29,99 € 14,99 € / 100 g
          + × Sweet Classic 4 × 84,99 €
          + × Pack Fit Cookie 5 × 52,99 €
          + × Pack Fit Strawberry 4 × 52,99 €
          + × Pack Strawberry-Cookie 5 × 70,99 €
          + × Winter Treats 4 × 89,99 €
          + × Shape Caps 4 × 99,99 €
          + × Pack Good Care 5 × 84,97 €
          + × Fall Vibes 4 × 79,99 €
          + × Summer Shape 3 × 99,99 €
          + × Skin Mojo Box 4 × 109,99 €
          + × Skin Beauty
            Product contains: 45,9 g
            3 × 29,99 € 65,34 € / 100 g
          + × Pure Glow
            Product contains: 36,6 g
            3 × 39,99 € 109,26 € / 100 g
          + × Aqua Splash
            Product contains: 22 g
            3 × 39,99 € 181,77 € / 100 g
          + × Glow Protect
            Product contains: 47,6 g
            3 × 39,99 € 84,01 € / 100 g
          + × Clear Glow
            Product contains: 250 g
            3 × 39,99 € 15,98 € / 100 g
          + × Glam Protect
            Product contains: 250 g
            3 × 39,99 € 15,99 € / 100 g
          + × True Beauty
            Product contains: 150 g
            5 × 29,99 € 19,99 € / 100 g
          + × Skin Routine 4 × 99,99 €
          + × Magic Skin 4 × 94,99 €
          + × Happy Mum 6 × 75,99 €
          + × Royal Beauty 5 × 62,99 €
          + × Fruity Slim
            Product contains: 100 g
            3 × 14,99 € 14,99 € / 100 g
          + × Red Beauty
            Product contains: 100 g
            4 × 14,99 € 14,99 € / 100 g
          + × Green Cleanse
            Product contains: 100 g
            4 × 14,99 € 14,99 € / 100 g
          + × Sunrise Energy
            Product contains: 100 g
            3 × 14,99 € 14,99 € / 100 g
          + × Daily Comfort
            Product contains: 100 g
            3 × 14,99 € 14,99 € / 100 g
          + × Sunset Chill
            Product contains: 100 g
            3 × 14,99 € 14,99 € / 100 g
          + × Black Rose
            Product contains: 100 g
            3 × 14,99 € 14,99 € / 100 g
          + × Berry Boost
            Product contains: 153 g
            2 × 29,99 € 19,60 € / 100 g
          + × Sunny Soul
            Product contains: 150 g
            2 × 29,99 € 19,99 € / 100 g
          + × Choco Dream
            Product contains: 150 g
            3 × 24,99 € 16,66 € / 100 g
          + × Happy Bars
            Product contains: 180 g
            2 × 14,99 € 8,33 € / 100 g
          + × Glow Snacks 2 × 129,99 €
          + × Summer Snacks 2 × 99,99 €
          + × Beauty Snacks 2 × 72,99 €
          + × Snack Party 2 × 74,99 €
          + × Fit Vanilla - première édition 2 × 24,99 €
          + × Fit Chocolate - première édition 2 × 24,99 €
          + × Fit Berry - première édition 2 × 24,99 €
          + × 2 x Fit Vanilla - première édition 2 × 47,98 €
          + × 2 x Fit Chocolate - première édition 2 × 47,98 €
          + × 2 x Fit Berry - première édition 2 × 47,98 €
          + × 3 x Fit Vanilla - première édition 2 × 68,97 €
          + × 3 x Fit Chocolate - première édition 2 × 68,97 €
          + × 3 x Fit Berry - première édition 2 × 68,97 €
          + × 4 x Fit Vanilla - première édition 2 × 79,96 €
          + × 4 x Fit Chocolate - première édition 2 × 79,96 €
          + × 4 x Fit Berry - première édition 2 × 79,96 €
          + × Premium Shaker 2 × 19,99 €
          + × Natural Mojo Verre à smoothie 2 × 9,99 €
          + × Tea Infuser Bottle 2 × 19,99 €
          + × Tea Glass infuser 2 × 24,99 €
          + × Plan nutritionnel de 5 jours 2 × 9,99 €
          + Plan nutritionnel de 5 jours
            En cadeau
            1 × 9,99 €
          + Sunrise Energy
            Product contains: 100 g
            En cadeau
            1 × 14,99 € 14,99 € / 100 g
          + Fit Vanilla - première édition
            Product contains: 480 g
            En cadeau
            1 × 39,99 € 8,33 € / 100 g
       Sous-total: 10.643,45 €
       incl. VAT: 659,82 €
       Voir le panierValidation de la commande

     * 3 thés offerts à partir de 49 € d'achat. Code : HAPPYTEA *

     * 3 thés offerts à partir de 49 € d'achat. Code : HAPPYTEA *

     * Accessoires
     * Fabulous Glow
     * Happy Vibes
     * Lovely Shine
     * Nos Promos
     * Packs
     * Sweet Shapes

   Boutique
   Filtrer

   Voici les 77 résultats
   [Tri par défaut_____________________.]
     * You cannot add an empty set to the cart. Try it again:
       https://www.naturalmojo.fr/produit/my-greens-mix/

   Poursuivre les achats «Fruity Slim» a été ajouté à votre panier.
   Poursuivre les achats «Red Beauty» a été ajouté à votre panier.
   Poursuivre les achats «Green Cleanse» a été ajouté à votre panier.
   Poursuivre les achats «Sunrise Energy» a été ajouté à votre panier.
   Poursuivre les achats «Daily Comfort» a été ajouté à votre panier.
   Poursuivre les achats «Sunset Chill» a été ajouté à votre panier.
   Poursuivre les achats «Black Rose» a été ajouté à votre panier.

   Sweet Shapes

   My Mojo Mix
   Note 4.80 sur 5
   0,00 €
   Choisis ton pack
   Ajouter au panier

   Sweet Shapes

   My Shake Mix
   Note 5.00 sur 5
   0,00 €
   Choisis ton pack
   Ajouter au panier

   Sweet Shapes

   Fit Cookie
   Note 4.25 sur 5
   À partir de : 39,99 €

   [DEL: 79,98 € :DEL] [INS: 79,98 € :INS] / kg
   Ajouter au panier

   Sweet Shapes

   Fit Mango
   Note 4.44 sur 5
   À partir de : 39,99 €

   [DEL: 79,98 € :DEL] [INS: 79,98 € :INS] / kg
   Ajouter au panier

   Sweet Shapes

   Fit Caramel
   À partir de : 39,99 €

   [DEL: 79,98 € :DEL] [INS: 79,98 € :INS] / kg
   Ajouter au panier

   Sweet Shapes

   Fit Vanilla
   Note 5.00 sur 5
   À partir de : 39,99 €

   [DEL: 79,98 € :DEL] [INS: 79,98 € :INS] / kg
   Ajouter au panier

   Sweet Shapes

   Fit Chocolate
   Note 4.89 sur 5
   À partir de : 39,99 €

   [DEL: 79,98 € :DEL] [INS: 79,98 € :INS] / kg
   Ajouter au panier

   Sweet Shapes

   Fit Strawberry
   Note 5.00 sur 5
   À partir de : 39,99 €

   [DEL: 79,98 € :DEL] [INS: 79,98 € :INS] / kg
   Ajouter au panier

   Sweet Shapes

   Fit Banana
   Note 5.00 sur 5
   À partir de : 39,99 €

   [DEL: 79,98 € :DEL] [INS: 79,98 € :INS] / kg
   Ajouter au panier

   Sweet Shapes

   Fit Cappuccino
   Note 4.33 sur 5
   À partir de : 39,99 €

   [DEL: 79,98 € :DEL] [INS: 79,98 € :INS] / kg
   Ajouter au panier

   Sweet Shapes

   Fit Coco
   Note 5.00 sur 5
   À partir de : 39,99 €

   [DEL: 79,98 € :DEL] [INS: 79,98 € :INS] / kg
   Ajouter au panier

   Sweet Shapes

   Fit Berry
   À partir de : 39,99 €

   [DEL: 79,98 € :DEL] [INS: 79,98 € :INS] / kg
   Ajouter au panier

   Sweet Shapes

   My Shape Caps Mix
   0,00 €
   Choisis ton pack
   Ajouter au panier

   Sweet Shapes

   Fit Caps
   Note 4.50 sur 5
   39,99 €

   80,14 € / 100 g
   Ajouter au panier

   Sweet Shapes

   Diet Caps
   Note 4.50 sur 5
   39,99 €

   47,83 € / 100 g
   Ajouter au panier

   Sweet Shapes

   Carb Blocker
   Note 3.00 sur 5
   39,99 €

   87,31 € / 100 g
   Ajouter au panier

   Sweet Shapes

   Pure Body
   29,99 €

   14,99 € / 100 g
   Ajouter au panier

   Packs

   Box Mojo Slim – programme 1 semaine
   [DEL: 139,96 € :DEL] [INS: 119,98 € :INS]
   Choix des options

   Packs

   Box Mojo Slim – programme 2 semaines
   [DEL: 209,94 € :DEL] [INS: 149,99 € :INS]
   Choix des options

   Packs

   Box Mojo Slim – programme 4 semaines
   [DEL: 264,91 € :DEL] [INS: 200,00 € :INS]
   Choix des options

   Packs

   Box Mojo Slim – programme 6 semaines
   [DEL: 304,90 € :DEL] [INS: 229,97 € :INS]
   Choix des options

   Packs

   Sweet Classic
   Note 4.40 sur 5
   [DEL: 99,97 € :DEL] [INS: 84,99 € :INS]
   Ajouter au panier

   Packs

   Pack Fit Cookie
   Note 4.25 sur 5
   [DEL: 59,98 € :DEL] [INS: 52,99 € :INS]
   Ajouter au panier

   Packs

   Pack Fit Strawberry
   Note 5.00 sur 5
   [DEL: 59,98 € :DEL] [INS: 52,99 € :INS]
   Ajouter au panier

   Packs

   Pack Strawberry-Cookie
   [DEL: 79,98 € :DEL] [INS: 70,99 € :INS]

   [DEL: 79,98 € :DEL] [INS: 70,99 € :INS] / kg
   Ajouter au panier

   Packs

   Winter Treats
   [DEL: 104,97 € :DEL] [INS: 89,99 € :INS]
   Ajouter au panier

   Packs

   Shape Caps
   [DEL: 119,97 € :DEL] [INS: 99,99 € :INS]
   Ajouter au panier

   Fabulous Glow

   Pack Good Care
   [DEL: 99,97 € :DEL] [INS: 84,97 € :INS]
   Ajouter au panier

   Happy Vibes

   Fall Vibes
   [DEL: 94,97 € :DEL] [INS: 79,99 € :INS]
   Ajouter au panier
   Nouveau

   Packs

   Summer Shape
   [DEL: 114,96 € :DEL] [INS: 99,99 € :INS]
   Ajouter au panier

   Fabulous Glow

   My Skin Care Mix
   0,00 €
   Choisis ton pack
   Ajouter au panier
   Nouveau

   Fabulous Glow

   Skin Mojo Box
   [DEL: 129,99 € :DEL] [INS: 109,99 € :INS]
   Ajouter au panier

   Fabulous Glow

   Skin Beauty
   Note 5.00 sur 5
   29,99 €

   65,34 € / 100 g
   Ajouter au panier

   Fabulous Glow

   Pure Glow
   39,99 €

   109,26 € / 100 g
   Ajouter au panier

   Fabulous Glow

   Aqua Splash
   Note 4.00 sur 5
   39,99 €

   181,77 € / 100 g
   Ajouter au panier

   Fabulous Glow

   Glow Protect
   39,99 €

   84,01 € / 100 g
   Ajouter au panier
   Nouveau

   Fabulous Glow

   Clear Glow
   39,99 €

   15,98 € / 100 g
   Ajouter au panier
   Nouveau

   Fabulous Glow

   Glam Protect
   Note 5.00 sur 5
   39,99 €

   15,99 € / 100 g
   Ajouter au panier

   Fabulous Glow

   True Beauty
   Note 4.60 sur 5
   29,99 €

   19,99 € / 100 g
   Ajouter au panier

   Fabulous Glow

   Skin Routine
   [DEL: 119,97 € :DEL] [INS: 99,99 € :INS]
   Ajouter au panier

   Fabulous Glow

   Magic Skin
   [DEL: 109,97 € :DEL] [INS: 94,99 € :INS]
   Ajouter au panier

   Fabulous Glow

   Happy Mum
   Note 4.00 sur 5
   [DEL: 94,96 € :DEL] [INS: 75,99 € :INS]
   Ajouter au panier

   Fabulous Glow

   Royal Beauty
   Note 4.40 sur 5
   [DEL: 74,97 € :DEL] [INS: 62,99 € :INS]
   Ajouter au panier

   Happy Vibes

   My Tea Mix
   0,00 €
   Choisis ton pack
   Ajouter au panier

   Sweet Shapes

   Fruity Slim
   Note 5.00 sur 5
   14,99 €

   14,99 € / 100 g
   Ajouter au panier

   Fabulous Glow

   Red Beauty
   14,99 €

   14,99 € / 100 g
   Ajouter au panier

   Sweet Shapes

   Green Cleanse
   Note 5.00 sur 5
   14,99 €

   14,99 € / 100 g
   Ajouter au panier

   Happy Vibes

   Sunrise Energy
   Note 3.00 sur 5
   14,99 €

   14,99 € / 100 g
   Ajouter au panier

   Happy Vibes

   Daily Comfort
   14,99 €

   14,99 € / 100 g
   Ajouter au panier

   Happy Vibes

   Sunset Chill
   14,99 €

   14,99 € / 100 g
   Ajouter au panier

   Happy Vibes

   Black Rose
   14,99 €

   14,99 € / 100 g
   Ajouter au panier

   Happy Vibes

   My Greens Mix
   0,00 €
   Choisis ton pack
   Ajouter au panier

   Happy Vibes

   Berry Boost
   Note 3.50 sur 5
   29,99 €

   19,60 € / 100 g
   Ajouter au panier

   Happy Vibes

   Sunny Soul
   Note 5.00 sur 5
   29,99 €

   19,99 € / 100 g
   Ajouter au panier

   Happy Vibes

   Choco Dream
   Note 5.00 sur 5
   24,99 €

   16,66 € / 100 g
   Ajouter au panier

   Happy Vibes

   Happy Bars
   14,99 €

   8,33 € / 100 g
   Ajouter au panier
   Nouveau

   Packs

   Glow Snacks
   [DEL: 174,95 € :DEL] [INS: 129,99 € :INS]
   Ajouter au panier
   Nouveau

   Packs

   Summer Snacks
   [DEL: 124,96 € :DEL] [INS: 99,99 € :INS]
   Ajouter au panier
   Nouveau

   Packs

   Beauty Snacks
   [DEL: 84,97 € :DEL] [INS: 72,99 € :INS]
   Ajouter au panier
   Nouveau

   Packs

   Snack Party
   [DEL: 104,93 € :DEL] [INS: 74,99 € :INS]
   Ajouter au panier
   Promo -37%

   Nos Promos

   Fit Vanilla – première édition
   À partir de : [DEL: 39,99 € :DEL] [INS: 24,99 € :INS]

   [DEL: 8,33 € :DEL] [INS: 5,21 € :INS] / 100 g
   Ajouter au panier
   Promo -37%

   Nos Promos

   Fit Chocolate – première édition
   Note 4.33 sur 5
   À partir de : [DEL: 39,99 € :DEL] [INS: 24,99 € :INS]

   [DEL: 8,33 € :DEL] [INS: 5,21 € :INS] / 100 g
   Ajouter au panier
   Promo -37%

   Nos Promos

   Fit Berry – première édition
   À partir de : [DEL: 39,99 € :DEL] [INS: 24,99 € :INS]

   [DEL: 8,33 € :DEL] [INS: 5,21 € :INS] / 100 g
   Ajouter au panier
   Promo -40%

   Nos Promos

   2 x Fit Vanilla – première édition
   À partir de : [DEL: 79,98 € :DEL] [INS: 47,98 € :INS]

   [DEL: 8,33 € :DEL] [INS: 5,00 € :INS] / 100 g
   Ajouter au panier
   Promo -40%

   Nos Promos

   2 x Fit Chocolate – première édition
   À partir de : [DEL: 79,98 € :DEL] [INS: 47,98 € :INS]

   [DEL: 8,33 € :DEL] [INS: 5,00 € :INS] / 100 g
   Ajouter au panier
   Promo -40%

   Nos Promos

   2 x Fit Berry – première édition
   À partir de : [DEL: 79,98 € :DEL] [INS: 47,98 € :INS]

   [DEL: 8,33 € :DEL] [INS: 5,00 € :INS] / 100 g
   Ajouter au panier
   Promo -43%

   Nos Promos

   3 x Fit Vanilla – première édition
   À partir de : [DEL: 119,97 € :DEL] [INS: 68,97 € :INS]

   [DEL: 8,33 € :DEL] [INS: 4,79 € :INS] / 100 g
   Ajouter au panier
   Promo -43%

   Nos Promos

   3 x Fit Chocolate – première édition
   À partir de : [DEL: 119,97 € :DEL] [INS: 68,97 € :INS]

   [DEL: 8,33 € :DEL] [INS: 4,79 € :INS] / 100 g
   Ajouter au panier
   Promo -43%

   Nos Promos

   3 x Fit Berry – première édition
   À partir de : [DEL: 119,97 € :DEL] [INS: 68,97 € :INS]

   [DEL: 8,33 € :DEL] [INS: 4,79 € :INS] / 100 g
   Ajouter au panier
   Promo -50%

   Nos Promos

   4 x Fit Vanilla – première édition
   À partir de : [DEL: 159,96 € :DEL] [INS: 79,96 € :INS]

   [DEL: 8,33 € :DEL] [INS: 4,16 € :INS] / 100 g
   Ajouter au panier
   Promo -50%

   Nos Promos

   4 x Fit Chocolate – première édition
   À partir de : [DEL: 159,96 € :DEL] [INS: 79,96 € :INS]

   [DEL: 8,33 € :DEL] [INS: 4,16 € :INS] / 100 g
   Ajouter au panier
   Promo -50%

   Nos Promos

   4 x Fit Berry – première édition
   À partir de : [DEL: 159,96 € :DEL] [INS: 79,96 € :INS]

   [DEL: 8,33 € :DEL] [INS: 4,16 € :INS] / 100 g
   Ajouter au panier

   Accessoires

   Premium Shaker
   19,99 €
   Ajouter au panier

   Accessoires

   Natural Mojo Verre à smoothie
   9,99 €
   Ajouter au panier

   Accessoires

   Tea Infuser Bottle
   19,99 €
   Ajouter au panier

   Accessoires

   Tea Glass infuser
   [DEL: 29,99 € :DEL] [INS: 24,99 € :INS]
   Ajouter au panier

   Sweet Shapes

   Plan nutritionnel de 5 jours
   [DEL: 14,99 € :DEL] [INS: 9,99 € :INS]
   Ajouter au panier

   ____________________
   (BUTTON)

   Catégories de produits
     * Accessoires (4)
     * Fabulous Glow (16)
     * Happy Vibes (12)
     * Lovely Shine (5)
     * Nos Promos (12)
     * Packs (28)
     * Sweet Shapes (32)

   Étiquettes produit
   Barres Cheveux Detox Gélules Humeur / État d’esprit Matin Midi Mode de
   vie sain Ongles Peau Perte de poids Poudres de super-aliments
   Purification intérieure Relaxation Sans gluten Sans lactose Sans soja
   Soir Substituts de repas - Shakes Thés Tout le temps vegan Vie saine À
   tout moment Énergie

   Produits
     * Glow Snacks [DEL: 174,95 € :DEL] [INS: 129,99 € :INS]
     * Beauty Snacks [DEL: 84,97 € :DEL] [INS: 72,99 € :INS]
     * Summer Snacks [DEL: 124,96 € :DEL] [INS: 99,99 € :INS]
     * Snack Party [DEL: 104,93 € :DEL] [INS: 74,99 € :INS]
     * Clear Glow 39,99 €
       15,98 € / 100 g

   Recently viewed products
     * My Mojo Mix 0,00 €
     * Fit Chocolate À partir de : 39,99 €
     * 4 x Fit Berry - première édition À partir de : [DEL: 159,96 € :DEL]
       [INS: 79,96 € :INS]
     * 4 x Fit Chocolate - première édition À partir de : [DEL: 159,96 €
       :DEL] [INS: 79,96 € :INS]
     * 4 x Fit Vanilla - première édition À partir de : [DEL: 159,96 €
       :DEL] [INS: 79,96 € :INS]
     * 3 x Fit Berry - première édition À partir de : [DEL: 119,97 € :DEL]
       [INS: 68,97 € :INS]
     * 3 x Fit Chocolate - première édition À partir de : [DEL: 119,97 €
       :DEL] [INS: 68,97 € :INS]
     * 3 x Fit Vanilla - première édition À partir de : [DEL: 119,97 €
       :DEL] [INS: 68,97 € :INS]
     * 2 x Fit Berry - première édition À partir de : [DEL: 79,98 € :DEL]
       [INS: 47,98 € :INS]
     * 2 x Fit Chocolate - première édition À partir de : [DEL: 79,98 €
       :DEL] [INS: 47,98 € :INS]

     *
     *
     *
     *

     *
     *
     *
     *
     *
     *

   * Valable pour un achat minimum de 49 € jusqu’au 30.09.2019. Offre non
   cumulable. Ne s’applique pas sur les produits de la catégorie “Nos
   Promos”. Dans les limites du stock disponible.
   Naturalmojo
     * Boutique
     * À propos
     * Blog
     * Contact
     * Carrières
     * Communauté WhatsApp

   Aide
     * Suivre votre commande
     * FAQ
     * Processus de commande
     * Modes de paiement
     * Frais de livraison & Livraison
     * Conditions d’annulation

   COMPTE CLIENT
     * Mon compte
     * Mes commandes
     * Modifier mon compte
     * Parraine un ami

   Newsletter
   -10% offre de bienvenue & offres hebdomadaires ____________________
   (BUTTON) Je m'inscris ! J'autorise le traitement de mes données afin de
   recevoir des offres et des informations sur les produits de beauté de
   Natural Mojo GmbH, notamment les nouvelles offres et invitations à des
   événements par e-mail. Le consentement est donné volontairement. Vous
   pouvez révoquer votre consentement à tout moment. La légalité du
   traitement jusqu'à l'exercice de votre droit de révocation n'est pas
   affectée. Pour exercer votre droit de révocation, vous pouvez cliquer
   sur le lien de désabonnement dans le message correspondant ou nous
   envoyer un message à nos coordonnées. Vous trouverez de plus amples
   informations sur la protection des données dans notre politique de
   confidentialité.
     * Termes & Conditions
     * Politique de confidentialité
     * Mentions légales

     * ____________________
       (BUTTON)
     * Boutique
          + SWEET SHAPES – Silhouette et Bien-Être
          + FABULOUS GLOW – Peau et Visage
          + LOVELY SHINE – Cheveux et Ongles
          + HAPPY VIBES – Énergie et Vitalité
          + Accessoires
          + Packs
          + Nos Promos
          + Tous les produits
     * Packs
     * Crée ton pack
     * Nos Promos
     * Filtres produits
          + Type de produit
               o Poudres de super-aliments
               o Substituts de repas – Shakes
               o Gélules
               o Thés
          + Beauté
               o Peau
               o Ongles
               o Cheveux
               o Humeur / État d’esprit
          + Objectifs
               o Perte de poids
               o Mode de vie sain
               o Detox
               o Énergie
               o Digestion
               o Relaxation
          + Caractéristique
               o vegan
               o Sans gluten
               o Sans lactose
               o Sans soja
          + Usage
               o Matin
               o Midi
               o Soir
               o À tout moment
     * Suivre votre commande
     * Blog
          + Témoignages
          + Sport
          + Recettes
          + Super-aliments
     * À propos
          + Notre philosophie
          + Notre Histoire
          + Nos Produits
          + Nos Superfoods
          + Facile à préparer
     * FAQ
     * Contact
     * Connexion
    #Naturalmojo.fr » Flux Naturalmojo.fr » Flux des commentaires
   Naturalmojo.fr » Flux pour Produits

   Skip to content

     * FR
     * DE
     * IT
     * PL
     * UK

     *
          + Contact
          + FAQ
          + Mon Compte
          + Livraison gratuite à partir de 50€

   Naturalmojo.fr Naturalmojo.fr
     *

     * Boutique
          + Boutique
               o SWEET SHAPES – Silhouette et Bien-Être
               o FABULOUS GLOW – Peau et Visage
               o LOVELY SHINE – Cheveux et Ongles
               o HAPPY VIBES – Énergie et Vitalité
               o Accessoires
               o Packs
               o Nos Promos
               o Tous les produits
     * Packs
          + Packs
          + Crée ton pack
     * Promo
     * Blog
          + Témoignages
          + Sport
          + Recettes
          + Super-aliments
     * À propos
          + Notre philosophie
          + Notre Histoire
          + Nos Produits
          + Nos Superfoods
          + Facile à préparer
          + FAQ

     * Panier Panier

     * Panier

Panier
          + × Fit Cookie 5 × 39,99 €
          + × Fit Mango 5 × 39,99 €
          + × Fit Caramel 4 × 39,99 €
          + × Fit Vanilla 4 × 39,99 €
          + × Fit Chocolate 5 × 39,99 €
          + × Fit Strawberry 4 × 39,99 €
          + × Fit Banana 3 × 39,99 €
          + × Fit Cappuccino 3 × 39,99 €
          + × Fit Coco 3 × 39,99 €
          + × Fit Berry 3 × 39,99 €
          + × Fit Caps
            Product contains: 49,9 g
            3 × 39,99 € 80,14 € / 100 g
          + × Diet Caps
            Product contains: 83,6 g
            3 × 39,99 € 47,83 € / 100 g
          + × Carb Blocker
            Product contains: 45,8 g
            3 × 39,99 € 87,31 € / 100 g
          + × Pure Body
            Product contains: 200 g
            3 × 29,99 € 14,99 € / 100 g
          + × Sweet Classic 4 × 84,99 €
          + × Pack Fit Cookie 5 × 52,99 €
          + × Pack Fit Strawberry 4 × 52,99 €
          + × Pack Strawberry-Cookie 5 × 70,99 €
          + × Winter Treats 4 × 89,99 €
          + × Shape Caps 4 × 99,99 €
          + × Pack Good Care 5 × 84,97 €
          + × Fall Vibes 4 × 79,99 €
          + × Summer Shape 3 × 99,99 €
          + × Skin Mojo Box 4 × 109,99 €
          + × Skin Beauty
            Product contains: 45,9 g
            3 × 29,99 € 65,34 € / 100 g
          + × Pure Glow
            Product contains: 36,6 g
            3 × 39,99 € 109,26 € / 100 g
          + × Aqua Splash
            Product contains: 22 g
            3 × 39,99 € 181,77 € / 100 g
          + × Glow Protect
            Product contains: 47,6 g
            3 × 39,99 € 84,01 € / 100 g
          + × Clear Glow
            Product contains: 250 g
            3 × 39,99 € 15,98 € / 100 g
          + × Glam Protect
            Product contains: 250 g
            3 × 39,99 € 15,99 € / 100 g
          + × True Beauty
            Product contains: 150 g
            5 × 29,99 € 19,99 € / 100 g
          + × Skin Routine 4 × 99,99 €
          + × Magic Skin 4 × 94,99 €
          + × Happy Mum 6 × 75,99 €
          + × Royal Beauty 5 × 62,99 €
          + × Fruity Slim
            Product contains: 100 g
            3 × 14,99 € 14,99 € / 100 g
          + × Red Beauty
            Product contains: 100 g
            4 × 14,99 € 14,99 € / 100 g
          + × Green Cleanse
            Product contains: 100 g
            4 × 14,99 € 14,99 € / 100 g
          + × Sunrise Energy
            Product contains: 100 g
            3 × 14,99 € 14,99 € / 100 g
          + × Daily Comfort
            Product contains: 100 g
            3 × 14,99 € 14,99 € / 100 g
          + × Sunset Chill
            Product contains: 100 g
            3 × 14,99 € 14,99 € / 100 g
          + × Black Rose
            Product contains: 100 g
            3 × 14,99 € 14,99 € / 100 g
          + × Berry Boost
            Product contains: 153 g
            3 × 29,99 € 19,60 € / 100 g
          + × Sunny Soul
            Product contains: 150 g
            3 × 29,99 € 19,99 € / 100 g
          + × Choco Dream
            Product contains: 150 g
            4 × 24,99 € 16,66 € / 100 g
          + × Happy Bars
            Product contains: 180 g
            3 × 14,99 € 8,33 € / 100 g
          + × Glow Snacks 3 × 129,99 €
          + × Summer Snacks 3 × 99,99 €
          + × Beauty Snacks 3 × 72,99 €
          + × Snack Party 3 × 74,99 €
          + × Fit Vanilla - première édition 3 × 24,99 €
          + × Fit Chocolate - première édition 3 × 24,99 €
          + × Fit Berry - première édition 3 × 24,99 €
          + × 2 x Fit Vanilla - première édition 3 × 47,98 €
          + × 2 x Fit Chocolate - première édition 3 × 47,98 €
          + × 2 x Fit Berry - première édition 3 × 47,98 €
          + × 3 x Fit Vanilla - première édition 3 × 68,97 €
          + × 3 x Fit Chocolate - première édition 3 × 68,97 €
          + × 3 x Fit Berry - première édition 3 × 68,97 €
          + × 4 x Fit Vanilla - première édition 3 × 79,96 €
          + × 4 x Fit Chocolate - première édition 3 × 79,96 €
          + × 4 x Fit Berry - première édition 3 × 79,96 €
          + × Premium Shaker 3 × 19,99 €
          + × Natural Mojo Verre à smoothie 3 × 9,99 €
          + × Tea Infuser Bottle 3 × 19,99 €
          + × Tea Glass infuser 3 × 24,99 €
          + × Plan nutritionnel de 5 jours 3 × 9,99 €
          + Plan nutritionnel de 5 jours
            En cadeau
            1 × 9,99 €
          + Sunrise Energy
            Product contains: 100 g
            En cadeau
            1 × 14,99 € 14,99 € / 100 g
          + Fit Vanilla - première édition
            Product contains: 480 g
            En cadeau
            1 × 39,99 € 8,33 € / 100 g
       Sous-total: 11.872,02 €
       incl. VAT: 732,43 €
       Voir le panierValidation de la commande

     * 3 thés offerts à partir de 49 € d'achat. Code : HAPPYTEA *

     * 3 thés offerts à partir de 49 € d'achat. Code : HAPPYTEA *

     * Accessoires
     * Fabulous Glow
     * Happy Vibes
     * Lovely Shine
     * Nos Promos
     * Packs
     * Sweet Shapes

   Boutique
   Filtrer

   Voici les 77 résultats
   [Tri par défaut_____________________.]
     * You cannot add an empty set to the cart. Try it again:
       https://www.naturalmojo.fr/produit/my-mojo-mix/

   Poursuivre les achats «Berry Boost» a été ajouté à votre panier.
   Poursuivre les achats «Sunny Soul» a été ajouté à votre panier.
   Poursuivre les achats «Choco Dream» a été ajouté à votre panier.
   Poursuivre les achats «Happy Bars» a été ajouté à votre panier.
   Poursuivre les achats «Glow Snacks» a été ajouté à votre panier.
   Poursuivre les achats «Summer Snacks» a été ajouté à votre panier.
   Poursuivre les achats «Beauty Snacks» a été ajouté à votre panier.
   Poursuivre les achats «Snack Party» a été ajouté à votre panier.
   Poursuivre les achats «Fit Vanilla – première édition» a été ajouté à
   votre panier.
   Poursuivre les achats «Fit Chocolate – première édition» a été ajouté à
   votre panier.
   Poursuivre les achats «Fit Berry – première édition» a été ajouté à
   votre panier.
   Poursuivre les achats «2 x Fit Vanilla – première édition» a été ajouté
   à votre panier.
   Poursuivre les achats «2 x Fit Chocolate – première édition» a été
   ajouté à votre panier.
   Poursuivre les achats «2 x Fit Berry – première édition» a été ajouté à
   votre panier.
   Poursuivre les achats «3 x Fit Vanilla – première édition» a été ajouté
   à votre panier.
   Poursuivre les achats «3 x Fit Chocolate – première édition» a été
   ajouté à votre panier.
   Poursuivre les achats «3 x Fit Berry – première édition» a été ajouté à
   votre panier.
   Poursuivre les achats «4 x Fit Vanilla – première édition» a été ajouté
   à votre panier.
   Poursuivre les achats «4 x Fit Chocolate – première édition» a été
   ajouté à votre panier.
   Poursuivre les achats «4 x Fit Berry – première édition» a été ajouté à
   votre panier.
   Poursuivre les achats «Premium Shaker» a été ajouté à votre panier.
   Poursuivre les achats «Natural Mojo Verre à smoothie» a été ajouté à
   votre panier.
   Poursuivre les achats «Tea Infuser Bottle» a été ajouté à votre panier.
   Poursuivre les achats «Tea Glass infuser» a été ajouté à votre panier.
   Poursuivre les achats «Plan nutritionnel de 5 jours» a été ajouté à
   votre panier.

   Sweet Shapes

   My Mojo Mix
   Note 4.80 sur 5
   0,00 €
   Choisis ton pack
   Ajouter au panier

   Sweet Shapes

   My Shake Mix
   Note 5.00 sur 5
   0,00 €
   Choisis ton pack
   Ajouter au panier

   Sweet Shapes

   Fit Cookie
   Note 4.25 sur 5
   À partir de : 39,99 €

   [DEL: 79,98 € :DEL] [INS: 79,98 € :INS] / kg
   Ajouter au panier

   Sweet Shapes

   Fit Mango
   Note 4.44 sur 5
   À partir de : 39,99 €

   [DEL: 79,98 € :DEL] [INS: 79,98 € :INS] / kg
   Ajouter au panier

   Sweet Shapes

   Fit Caramel
   À partir de : 39,99 €

   [DEL: 79,98 € :DEL] [INS: 79,98 € :INS] / kg
   Ajouter au panier

   Sweet Shapes

   Fit Vanilla
   Note 5.00 sur 5
   À partir de : 39,99 €

   [DEL: 79,98 € :DEL] [INS: 79,98 € :INS] / kg
   Ajouter au panier

   Sweet Shapes

   Fit Chocolate
   Note 4.89 sur 5
   À partir de : 39,99 €

   [DEL: 79,98 € :DEL] [INS: 79,98 € :INS] / kg
   Ajouter au panier

   Sweet Shapes

   Fit Strawberry
   Note 5.00 sur 5
   À partir de : 39,99 €

   [DEL: 79,98 € :DEL] [INS: 79,98 € :INS] / kg
   Ajouter au panier

   Sweet Shapes

   Fit Banana
   Note 5.00 sur 5
   À partir de : 39,99 €

   [DEL: 79,98 € :DEL] [INS: 79,98 € :INS] / kg
   Ajouter au panier

   Sweet Shapes

   Fit Cappuccino
   Note 4.33 sur 5
   À partir de : 39,99 €

   [DEL: 79,98 € :DEL] [INS: 79,98 € :INS] / kg
   Ajouter au panier

   Sweet Shapes

   Fit Coco
   Note 5.00 sur 5
   À partir de : 39,99 €

   [DEL: 79,98 € :DEL] [INS: 79,98 € :INS] / kg
   Ajouter au panier

   Sweet Shapes

   Fit Berry
   À partir de : 39,99 €

   [DEL: 79,98 € :DEL] [INS: 79,98 € :INS] / kg
   Ajouter au panier

   Packs

   My Shape Caps Mix
   0,00 €
   Choisis ton pack
   Ajouter au panier

   Sweet Shapes

   Fit Caps
   Note 4.50 sur 5
   39,99 €

   80,14 € / 100 g
   Ajouter au panier

   Sweet Shapes

   Diet Caps
   Note 4.50 sur 5
   39,99 €

   47,83 € / 100 g
   Ajouter au panier

   Sweet Shapes

   Carb Blocker
   Note 3.00 sur 5
   39,99 €

   87,31 € / 100 g
   Ajouter au panier

   Sweet Shapes

   Pure Body
   29,99 €

   14,99 € / 100 g
   Ajouter au panier

   Packs

   Box Mojo Slim – programme 1 semaine
   [DEL: 139,96 € :DEL] [INS: 119,98 € :INS]
   Choix des options

   Packs

   Box Mojo Slim – programme 2 semaines
   [DEL: 209,94 € :DEL] [INS: 149,99 € :INS]
   Choix des options

   Packs

   Box Mojo Slim – programme 4 semaines
   [DEL: 264,91 € :DEL] [INS: 200,00 € :INS]
   Choix des options

   Packs

   Box Mojo Slim – programme 6 semaines
   [DEL: 304,90 € :DEL] [INS: 229,97 € :INS]
   Choix des options

   Packs

   Sweet Classic
   Note 4.40 sur 5
   [DEL: 99,97 € :DEL] [INS: 84,99 € :INS]
   Ajouter au panier

   Packs

   Pack Fit Cookie
   Note 4.25 sur 5
   [DEL: 59,98 € :DEL] [INS: 52,99 € :INS]
   Ajouter au panier

   Packs

   Pack Fit Strawberry
   Note 5.00 sur 5
   [DEL: 59,98 € :DEL] [INS: 52,99 € :INS]
   Ajouter au panier

   Packs

   Pack Strawberry-Cookie
   [DEL: 79,98 € :DEL] [INS: 70,99 € :INS]

   [DEL: 79,98 € :DEL] [INS: 70,99 € :INS] / kg
   Ajouter au panier

   Packs

   Winter Treats
   [DEL: 104,97 € :DEL] [INS: 89,99 € :INS]
   Ajouter au panier

   Packs

   Shape Caps
   [DEL: 119,97 € :DEL] [INS: 99,99 € :INS]
   Ajouter au panier

   Fabulous Glow

   Pack Good Care
   [DEL: 99,97 € :DEL] [INS: 84,97 € :INS]
   Ajouter au panier

   Happy Vibes

   Fall Vibes
   [DEL: 94,97 € :DEL] [INS: 79,99 € :INS]
   Ajouter au panier
   Nouveau

   Packs

   Summer Shape
   [DEL: 114,96 € :DEL] [INS: 99,99 € :INS]
   Ajouter au panier

   Fabulous Glow

   My Skin Care Mix
   0,00 €
   Choisis ton pack
   Ajouter au panier
   Nouveau

   Fabulous Glow

   Skin Mojo Box
   [DEL: 129,99 € :DEL] [INS: 109,99 € :INS]
   Ajouter au panier

   Fabulous Glow

   Skin Beauty
   Note 5.00 sur 5
   29,99 €

   65,34 € / 100 g
   Ajouter au panier

   Fabulous Glow

   Pure Glow
   39,99 €

   109,26 € / 100 g
   Ajouter au panier

   Fabulous Glow

   Aqua Splash
   Note 4.00 sur 5
   39,99 €

   181,77 € / 100 g
   Ajouter au panier

   Fabulous Glow

   Glow Protect
   39,99 €

   84,01 € / 100 g
   Ajouter au panier
   Nouveau

   Fabulous Glow

   Clear Glow
   39,99 €

   15,98 € / 100 g
   Ajouter au panier
   Nouveau

   Fabulous Glow

   Glam Protect
   Note 5.00 sur 5
   39,99 €

   15,99 € / 100 g
   Ajouter au panier

   Fabulous Glow

   True Beauty
   Note 4.60 sur 5
   29,99 €

   19,99 € / 100 g
   Ajouter au panier

   Fabulous Glow

   Skin Routine
   [DEL: 119,97 € :DEL] [INS: 99,99 € :INS]
   Ajouter au panier

   Fabulous Glow

   Magic Skin
   [DEL: 109,97 € :DEL] [INS: 94,99 € :INS]
   Ajouter au panier

   Fabulous Glow

   Happy Mum
   Note 4.00 sur 5
   [DEL: 94,96 € :DEL] [INS: 75,99 € :INS]
   Ajouter au panier

   Fabulous Glow

   Royal Beauty
   Note 4.40 sur 5
   [DEL: 74,97 € :DEL] [INS: 62,99 € :INS]
   Ajouter au panier

   Happy Vibes

   My Tea Mix
   0,00 €
   Choisis ton pack
   Ajouter au panier

   Sweet Shapes

   Fruity Slim
   Note 5.00 sur 5
   14,99 €

   14,99 € / 100 g
   Ajouter au panier

   Fabulous Glow

   Red Beauty
   14,99 €

   14,99 € / 100 g
   Ajouter au panier

   Sweet Shapes

   Green Cleanse
   Note 5.00 sur 5
   14,99 €

   14,99 € / 100 g
   Ajouter au panier

   Happy Vibes

   Sunrise Energy
   Note 3.00 sur 5
   14,99 €

   14,99 € / 100 g
   Ajouter au panier

   Happy Vibes

   Daily Comfort
   14,99 €

   14,99 € / 100 g
   Ajouter au panier

   Happy Vibes

   Sunset Chill
   14,99 €

   14,99 € / 100 g
   Ajouter au panier

   Happy Vibes

   Black Rose
   14,99 €

   14,99 € / 100 g
   Ajouter au panier

   Happy Vibes

   My Greens Mix
   0,00 €
   Choisis ton pack
   Ajouter au panier

   Happy Vibes

   Berry Boost
   Note 3.50 sur 5
   29,99 €

   19,60 € / 100 g
   Ajouter au panier

   Happy Vibes

   Sunny Soul
   Note 5.00 sur 5
   29,99 €

   19,99 € / 100 g
   Ajouter au panier

   Happy Vibes

   Choco Dream
   Note 5.00 sur 5
   24,99 €

   16,66 € / 100 g
   Ajouter au panier

   Happy Vibes

   Happy Bars
   14,99 €

   8,33 € / 100 g
   Ajouter au panier
   Nouveau

   Packs

   Glow Snacks
   [DEL: 174,95 € :DEL] [INS: 129,99 € :INS]
   Ajouter au panier
   Nouveau

   Packs

   Summer Snacks
   [DEL: 124,96 € :DEL] [INS: 99,99 € :INS]
   Ajouter au panier
   Nouveau

   Packs

   Beauty Snacks
   [DEL: 84,97 € :DEL] [INS: 72,99 € :INS]
   Ajouter au panier
   Nouveau

   Packs

   Snack Party
   [DEL: 104,93 € :DEL] [INS: 74,99 € :INS]
   Ajouter au panier
   Promo -37%

   Nos Promos

   Fit Vanilla – première édition
   À partir de : [DEL: 39,99 € :DEL] [INS: 24,99 € :INS]

   [DEL: 8,33 € :DEL] [INS: 5,21 € :INS] / 100 g
   Ajouter au panier
   Promo -37%

   Nos Promos

   Fit Chocolate – première édition
   Note 4.33 sur 5
   À partir de : [DEL: 39,99 € :DEL] [INS: 24,99 € :INS]

   [DEL: 8,33 € :DEL] [INS: 5,21 € :INS] / 100 g
   Ajouter au panier
   Promo -37%

   Nos Promos

   Fit Berry – première édition
   À partir de : [DEL: 39,99 € :DEL] [INS: 24,99 € :INS]

   [DEL: 8,33 € :DEL] [INS: 5,21 € :INS] / 100 g
   Ajouter au panier
   Promo -40%

   Nos Promos

   2 x Fit Vanilla – première édition
   À partir de : [DEL: 79,98 € :DEL] [INS: 47,98 € :INS]

   [DEL: 8,33 € :DEL] [INS: 5,00 € :INS] / 100 g
   Ajouter au panier
   Promo -40%

   Nos Promos

   2 x Fit Chocolate – première édition
   À partir de : [DEL: 79,98 € :DEL] [INS: 47,98 € :INS]

   [DEL: 8,33 € :DEL] [INS: 5,00 € :INS] / 100 g
   Ajouter au panier
   Promo -40%

   Nos Promos

   2 x Fit Berry – première édition
   À partir de : [DEL: 79,98 € :DEL] [INS: 47,98 € :INS]

   [DEL: 8,33 € :DEL] [INS: 5,00 € :INS] / 100 g
   Ajouter au panier
   Promo -43%

   Nos Promos

   3 x Fit Vanilla – première édition
   À partir de : [DEL: 119,97 € :DEL] [INS: 68,97 € :INS]

   [DEL: 8,33 € :DEL] [INS: 4,79 € :INS] / 100 g
   Ajouter au panier
   Promo -43%

   Nos Promos

   3 x Fit Chocolate – première édition
   À partir de : [DEL: 119,97 € :DEL] [INS: 68,97 € :INS]

   [DEL: 8,33 € :DEL] [INS: 4,79 € :INS] / 100 g
   Ajouter au panier
   Promo -43%

   Nos Promos

   3 x Fit Berry – première édition
   À partir de : [DEL: 119,97 € :DEL] [INS: 68,97 € :INS]

   [DEL: 8,33 € :DEL] [INS: 4,79 € :INS] / 100 g
   Ajouter au panier
   Promo -50%

   Nos Promos

   4 x Fit Vanilla – première édition
   À partir de : [DEL: 159,96 € :DEL] [INS: 79,96 € :INS]

   [DEL: 8,33 € :DEL] [INS: 4,16 € :INS] / 100 g
   Ajouter au panier
   Promo -50%

   Nos Promos

   4 x Fit Chocolate – première édition
   À partir de : [DEL: 159,96 € :DEL] [INS: 79,96 € :INS]

   [DEL: 8,33 € :DEL] [INS: 4,16 € :INS] / 100 g
   Ajouter au panier
   Promo -50%

   Nos Promos

   4 x Fit Berry – première édition
   À partir de : [DEL: 159,96 € :DEL] [INS: 79,96 € :INS]

   [DEL: 8,33 € :DEL] [INS: 4,16 € :INS] / 100 g
   Ajouter au panier

   Accessoires

   Premium Shaker
   19,99 €
   Ajouter au panier

   Accessoires

   Natural Mojo Verre à smoothie
   9,99 €
   Ajouter au panier

   Accessoires

   Tea Infuser Bottle
   19,99 €
   Ajouter au panier

   Accessoires

   Tea Glass infuser
   [DEL: 29,99 € :DEL] [INS: 24,99 € :INS]
   Ajouter au panier

   Sweet Shapes

   Plan nutritionnel de 5 jours
   [DEL: 14,99 € :DEL] [INS: 9,99 € :INS]
   Ajouter au panier

   ____________________
   (BUTTON)

   Catégories de produits
     * Accessoires (4)
     * Fabulous Glow (16)
     * Happy Vibes (12)
     * Lovely Shine (5)
     * Nos Promos (12)
     * Packs (28)
     * Sweet Shapes (32)

   Étiquettes produit
   Barres Cheveux Detox Gélules Humeur / État d’esprit Matin Midi Mode de
   vie sain Ongles Peau Perte de poids Poudres de super-aliments
   Purification intérieure Relaxation Sans gluten Sans lactose Sans soja
   Soir Substituts de repas - Shakes Thés Tout le temps vegan Vie saine À
   tout moment Énergie

   Produits
     * Glow Snacks [DEL: 174,95 € :DEL] [INS: 129,99 € :INS]
     * Beauty Snacks [DEL: 84,97 € :DEL] [INS: 72,99 € :INS]
     * Summer Snacks [DEL: 124,96 € :DEL] [INS: 99,99 € :INS]
     * Snack Party [DEL: 104,93 € :DEL] [INS: 74,99 € :INS]
     * Clear Glow 39,99 €
       15,98 € / 100 g

   Recently viewed products
     * My Mojo Mix 0,00 €
     * Fit Chocolate À partir de : 39,99 €
     * 4 x Fit Berry - première édition À partir de : [DEL: 159,96 € :DEL]
       [INS: 79,96 € :INS]
     * 4 x Fit Chocolate - première édition À partir de : [DEL: 159,96 €
       :DEL] [INS: 79,96 € :INS]
     * 4 x Fit Vanilla - première édition À partir de : [DEL: 159,96 €
       :DEL] [INS: 79,96 € :INS]
     * 3 x Fit Berry - première édition À partir de : [DEL: 119,97 € :DEL]
       [INS: 68,97 € :INS]
     * 3 x Fit Chocolate - première édition À partir de : [DEL: 119,97 €
       :DEL] [INS: 68,97 € :INS]
     * 3 x Fit Vanilla - première édition À partir de : [DEL: 119,97 €
       :DEL] [INS: 68,97 € :INS]
     * 2 x Fit Berry - première édition À partir de : [DEL: 79,98 € :DEL]
       [INS: 47,98 € :INS]
     * 2 x Fit Chocolate - première édition À partir de : [DEL: 79,98 €
       :DEL] [INS: 47,98 € :INS]

     *
     *
     *
     *

     *
     *
     *
     *
     *
     *

   * Valable pour un achat minimum de 49 € jusqu’au 30.09.2019. Offre non
   cumulable. Ne s’applique pas sur les produits de la catégorie “Nos
   Promos”. Dans les limites du stock disponible.
   Naturalmojo
     * Boutique
     * À propos
     * Blog
     * Contact
     * Carrières
     * Communauté WhatsApp

   Aide
     * Suivre votre commande
     * FAQ
     * Processus de commande
     * Modes de paiement
     * Frais de livraison & Livraison
     * Conditions d’annulation

   COMPTE CLIENT
     * Mon compte
     * Mes commandes
     * Modifier mon compte
     * Parraine un ami

   Newsletter
   -10% offre de bienvenue & offres hebdomadaires ____________________
   (BUTTON) Je m'inscris ! J'autorise le traitement de mes données afin de
   recevoir des offres et des informations sur les produits de beauté de
   Natural Mojo GmbH, notamment les nouvelles offres et invitations à des
   événements par e-mail. Le consentement est donné volontairement. Vous
   pouvez révoquer votre consentement à tout moment. La légalité du
   traitement jusqu'à l'exercice de votre droit de révocation n'est pas
   affectée. Pour exercer votre droit de révocation, vous pouvez cliquer
   sur le lien de désabonnement dans le message correspondant ou nous
   envoyer un message à nos coordonnées. Vous trouverez de plus amples
   informations sur la protection des données dans notre politique de
   confidentialité.
     * Termes & Conditions
     * Politique de confidentialité
     * Mentions légales

     * ____________________
       (BUTTON)
     * Boutique
          + SWEET SHAPES – Silhouette et Bien-Être
          + FABULOUS GLOW – Peau et Visage
          + LOVELY SHINE – Cheveux et Ongles
          + HAPPY VIBES – Énergie et Vitalité
          + Accessoires
          + Packs
          + Nos Promos
          + Tous les produits
     * Packs
     * Crée ton pack
     * Nos Promos
     * Filtres produits
          + Type de produit
               o Poudres de super-aliments
               o Substituts de repas – Shakes
               o Gélules
               o Thés
          + Beauté
               o Peau
               o Ongles
               o Cheveux
               o Humeur / État d’esprit
          + Objectifs
               o Perte de poids
               o Mode de vie sain
               o Detox
               o Énergie
               o Digestion
               o Relaxation
          + Caractéristique
               o vegan
               o Sans gluten
               o Sans lactose
               o Sans soja
          + Usage
               o Matin
               o Midi
               o Soir
               o À tout moment
     * Suivre votre commande
     * Blog
          + Témoignages
          + Sport
          + Recettes
          + Super-aliments
     * À propos
          + Notre philosophie
          + Notre Histoire
          + Nos Produits
          + Nos Superfoods
          + Facile à préparer
     * FAQ
     * Contact
     * Connexion
