    #alternate alternate alternate alternate alternate alternate alternate

   nu3 utilise des cookies afin d’améliorer votre expérience. En utilisant
   notre site Web, vous acceptez notre usage des cookies. 

   Conseils gratuits 0805 112 196
   Expédition rapide
   [ ] Livraison gratuite dès 49€
   

   ____________________ (BUTTON) Rechercher

   [ ]
   Panier 0,00 €
   Livraison gratuite

   0,00 € Total intermédiaire:
   Accéder au panier

   
   A
   
   
   
   0
     *
          + Top produits nu3
               o Produits minceur
               o Protéines végétales
               o Faibles en glucides
               o Super aliments
          + Produits favoris
               o Beurre de cacahuète
               o Huile de coco
               o Sucre de bouleau
               o Açaï
               o Whey
          + Conseils nutrition
               o Intolérances alimentaires
               o Farines sans gluten
               o Nouilles de konjac
               o Quel curcuma prendre ?
               o Vitamine D : aliments
          + Régimes pour maigrir
               o Régime hyperprotéiné
               o Programme hyperprotéiné 7 jours
               o Alimentation low carb
               o Obtenir un ventre plat
               o Meilleur shake minceur
          + Conseils musculation
               o Conseils prise de masse
               o Prise de masse femme
               o Petit-déjeuner protéiné
               o Aliments hyperprotéinés
               o Meilleure whey
     * Naturel & Bio
          + [ ] Retour
          + [ ] Super aliments
               o [ ] Retour
               o [ ] Baies de Goji
               o [ ] Graines de Chia
               o [ ] Noix de coco
               o [ ] Spiruline & Chlorella
               o [ ] Curcuma
               o [ ] Aronia
          + [ ] Poudre de superfruits
               o [ ] Retour
               o [ ] Açaï
               o [ ] Acérola
               o [ ] Guarana
               o [ ] Plus...
          + [ ] Edulcorants naturels
               o [ ] Retour
               o [ ] Xylitol - Sucre de bouleau
               o [ ] Erythritol
               o [ ] Sucre de coco
               o [ ] Sirops
               o [ ] Yacon
          + [ ] Pâtes à tartiner
               o [ ] Retour
               o [ ] Beurre de cacahuète
               o [ ] Purée de noix de cajou
               o [ ] Purée d'amande
               o [ ] Purée de noisette
               o [ ] Purée de coco
          + [ ] Jus et boissons
               o [ ] Retour
               o [ ] Smoothies
               o [ ] Jus d'aloe vera
               o [ ] Jus de légumes & Breuss
          + [ ] Sans gluten
               o [ ] Retour
               o [ ] Pâtes & Riz
               o [ ] Farine d'amande
               o [ ] Farine de coco
               o [ ] Farine de chia
               o [ ] Plus de farines...
          + [ ] Snacks sains
               o [ ] Retour
               o [ ] Barres
               o [ ] Smart Nuts
               o [ ] Superfood Trail Mix
               o [ ] Noix de Macadamia
               o [ ] Fruits secs
          + [ ] Petit-déjeuner
               o [ ] Retour
               o [ ] Muesli & Porridges
               o [ ] Pâte à tartiner
               o [ ] Matcha & Thé
               o [ ] Miel de Manuka
               o [ ] Cacao & Chocolat
          + [ ] Huiles naturelles
               o [ ] Retour
               o [ ] Huile de coco
               o [ ] Huile de chanvre
     * Sport
          + [ ] Retour
          + [ ] Protéines
               o [ ] Retour
               o [ ] Whey
               o [ ] Shakes protéinés
               o [ ] Beurre de cacahuète
               o [ ] Pancake & Mugcake
               o [ ] Protéines sans lactose
               o [ ] Plus...
          + [ ] Protéines végétales
               o [ ] Retour
               o [ ] Protéine mix vegan
               o [ ] Protéine de riz
               o [ ] Protéine de chanvre
               o [ ] Protéine de courge
               o [ ] Protéine de pois
          + [ ] Acides aminés
               o [ ] Retour
               o [ ] BCAA
               o [ ] L-Carnitine
               o [ ] Créatine & Creapure®
               o [ ] Glutamine
               o [ ] L-Arginine
               o [ ] Tyrosine
          + [ ] Barres & snacks
               o [ ] Retour
               o [ ] Barres protéinées
               o [ ] Barres énergétiques
               o [ ] Beurres de noix
               o [ ] Beef Jerky
               o [ ] Boissons protéinées
          + [ ] Compléments sportifs
               o [ ] Retour
               o [ ] Oméga-3
               o [ ] Spiruline
               o [ ] Minéraux
               o [ ] Glucides
               o [ ] Extrait de thé vert
          + [ ] Objectif : Muscle & Force
               o [ ] Retour
               o [ ] Prise de masse
               o [ ] Prise rapide
               o [ ] Cure de créatine
               o [ ] Programme alimentaire
               o [ ] Prise de masse sèche
               o [ ] Prise de masse femme
          + Tests comparatifs nu3 :
               o [ ] Retour
               o Meilleure barre protéinée
               o Meilleure whey
               o Meilleure poudre protéinée
               o Meilleurs acides aminés
               o Meilleurs BCAA
               o Meilleures protéines vegan
     * Maigrir
          + [ ] Retour
          + [ ] Produits Low Carb
               o [ ] Retour
               o [ ] Pâtes Low Carb
               o [ ] Farines Low Carb
               o [ ] Petit-déjeuner Low Carb
               o [ ] Muesli Low Carb
               o [ ] Sauces Low Carb
               o [ ] Plus...
          + [ ] Produits minceur
               o [ ] Retour
               o [ ] Substitut de repas
               o [ ] Brûleur de graisse
               o [ ] Coupe faim
               o [ ] Bloqueurs de glucides
               o [ ] Capteurs de graisse
               o [ ] Snacks minceur
          + [ ] Maigrir naturellement
               o [ ] Retour
               o [ ] Graines de chia
               o [ ] Psyllium
               o [ ] Jus & thé minceur
               o [ ] Quinoa
          + [ ] Vos objectifs minceur
               o [ ] Retour
               o [ ] Produits détox
               o [ ] Régime low carb
               o [ ] Remplacer le sucre
               o [ ] Maigrir vite
               o [ ] Maigrir sans faim
               o [ ] Stabiliser son poids
          + [ ] Nos packs minceur
               o [ ] Retour
               o [ ] Pack cuisine low carb
               o [ ] Pack régime 14 jours
               o [ ] Pack petit-déj minceur
               o [ ] Pack sauces Low Carb
               o [ ] Pack bloqueurs de glucides
     * Santé & Soins
          + [ ] Retour
          + [ ] Santé au naturel
               o [ ] Retour
               o [ ] Spiruline & Chlorella
               o [ ] Gelée Royale
               o [ ] Maca
               o [ ] Miel de Manuka
               o [ ] Propolis
               o [ ] Curcuma
          + [ ] Acides gras essentiels
               o [ ] Retour
               o [ ] Oméga-3
               o [ ] Oméga-3 végétalien
               o [ ] Oméga-6
               o [ ] Graines de chia
               o [ ] Huile de lin
               o [ ] Huile de bourrache
          + [ ] Vitamines
               o [ ] Retour
               o [ ] Vitamine D
               o [ ] Vitamine C
               o [ ] Vitamine B12
               o [ ] Vitamine E
               o [ ] Multivitamines
               o [ ] Vitamine B complexe
          + [ ] Minéraux
               o [ ] Retour
               o [ ] Fer
               o [ ] Magnésium
               o [ ] Équilibre acido-basique
               o [ ] Calcium
               o [ ] Zinc
          + [ ] Enfance & Maternité
               o [ ] Retour
               o [ ] Soins femme enceinte
               o [ ] Compléments grossesse
               o [ ] Soin bébé
               o [ ] Lait infantile
               o [ ] Allaitement
          + [ ] Nutriments essentiels
               o [ ] Retour
               o [ ] Acide hyaluronique
               o [ ] Coenzyme Q10
               o [ ] Astaxanthine
               o [ ] Antioxydants
               o [ ] Extraits de pépin de raisin
          + [ ] Compléments Santé
               o [ ] Retour
               o [ ] Os & Articulations
               o [ ] Système immunitaire
               o [ ] Cardio-vasculaire
               o [ ] Gastro-intestinal
               o [ ] Sexualité & Libido
               o [ ] Intolérances alimentaires
          + [ ] Soins du visage
               o [ ] Retour
               o [ ] Soins anti-âge
               o [ ] Huile de coco
               o [ ] Crème hydratante
               o [ ] Nettoyant visage
               o [ ] Baume à lèvre
               o [ ] Contour des yeux
          + [ ] Soins du corps
               o [ ] Retour
               o [ ] Huile pour le corps
               o [ ] Déodorants
               o [ ] Gel douche
               o [ ] Savon naturel
               o [ ] Soins des mains
          + [ ] Autres soins
               o [ ] Retour
               o [ ] Soins cheveux
               o [ ] Soins pour homme
               o [ ] Soins dentaires
     * % PROMOS
          + [ ] Retour
          + [ ] Promos Minceur
          + [ ] Promos Naturel & Bio
          + [ ] Promos Sport
          + [ ] Promos Santé
          + [ ] Promos Beauté
          + [ ] Zéro Gaspillage
               o [ ] Retour
               o [ ] Minceur
               o [ ] Sport
               o [ ] Naturel & Bio
               o [ ] Santé
     *  Mon compte
     * nu3Kitchen
          + [ ] Retour
          + [ ] Recettes low carb
               o [ ] Retour
               o [ ] Pâtisserie low carb
               o [ ] Snack low carb
               o [ ] Pâtes low carb
               o [ ] Pizza low carb
          + [ ] Recettes fitness
               o [ ] Retour
               o [ ] Recettes hyperprotéinées
               o [ ] Snacks hyperprotéinés
               o [ ] Petit-déjeuner fitness
               o [ ] Shakes hyperprotéinés
               o [ ] Barres hyperprotéinées
          + [ ] Recettes minceur
               o [ ] Retour
               o [ ] Recettes sans sucre
               o [ ] Régime hyperprotéiné
               o [ ] Recettes peu caloriques
               o [ ] Recettes light
               o [ ] Shakes minceur
          + [ ] Recettes de saison
               o [ ] Retour
               o [ ] Recettes d'automne
               o [ ] Recettes d'hiver
               o [ ] Recettes de Noël
               o [ ] Recettes apéro
               o [ ] Pique-nique
          + [ ] Idées de recettes
               o [ ] Retour
               o [ ] Recettes vegan
               o [ ] Pâtisserie
               o [ ] Snacks
               o [ ] Recettes superfood
               o [ ] Recettes sans gluten

     * Mon compte
     * Mes commandes
     * Adresses

   Identification Nouveau client? Créer un compte.

   COMMENCEZ VOTRE
   CHALLENGE MAINTENANT ! [nu3_sloagan_white.png] Vers le challenge

   Sport

Train
your
body

   [nu3_LP_EYB-Challenge_FR_Tile_1_600x300px.jpg]
   Sport

   Minceur

Shape
your
body

   [nu3_LP_EYB-Challenge_FR_Tile_2_600x300px.jpg]
   Minceur

   Nature

Feed
your
body

   [nu3_LP_EYB-Challenge_FR_Tile_3_600x300px.jpg]
   Nature

   Sport

   Minceur

   Nature

   15%
   RÉDUCTION

Abonnez-vous à notre newsletter et recevez 15%

   ____________________ (BUTTON) Go !

   Offre valable sur les produits de marque nu3 et Beavita
   Pop-up store nu3 Paris
     __________________________________________________________________

   2ème édition, les 6, 7 & 8 septembre
   Découvrir
   EAA en poudre
     __________________________________________________________________

   Les 8 acides aminés essentiels
   Vers le produit
   Fit Protein Creme, chocolat blanc
     __________________________________________________________________

   Sans sucre ajouté
   Vers le produit
   Huile de coco bio
     __________________________________________________________________

   L'huile exotique multi-fonctions
   Découvrir
   Pâtes de konjac
     __________________________________________________________________

   Seulement 14 kcal par portion
   Vers le produit

   TOP PRODUITS
     * nu3 Erdnussbutter
       Top Ventes
       nu3 Beurre de cacahuète
       1000 g
       (345)
       10,99 €
       10,99 € / 1 kg
     * 12 x nu3 Protein Bar 40% Schoko
       Top Ventes
       nu3 Barres protéinées 40%, chocolat
       12 x 50 g
       (122)
       16,99 €
       28,32 € / 1 kg
     * nu3 Vegan Blend Schoko
       Top Ventes
       nu3 Protéines Vegan 3K, choco, poudre
       1000 g
       (129)
       19,99 €
       19,99 € / 1 kg
     * nu3 Protein Crème, Haselnuss
       Nouveauté
       nu3 Fit Protein Creme
       200 g
       (45)
       5,99 €
       3,00 € / 100 g
     * x
       Top Ventes
       nu3 Mix pour pancakes protéinés, préparation
       400 g
       (92)
       10,99 €
       27,48 € / 1 kg

   NOUVEAUTÉS
     * nu3 BCAA Pulver, Fresh Apple
       Nouveauté
       nu3 BCAA en poudre, Fresh Apple
       400 g
       (107)
       19,99 €
       49,98 € / 1 kg
     * nu3 Fit Protein Creme, 400 g
       Nouveauté
       nu3 Fit Protein Creme
       400 g
       (45)
       9,99 €
       24,98 € / 1 kg
     * nu3 EAA Pulver, Wassermelone
       Nouveauté
       nu3 EAA en poudre, pastèque
       400 g
       21,99 €
       54,98 € / 1 kg
     * nu3 Fit Shake, Iced Coffee
       Nouveauté
       nu3 Fit Shake, Iced Coffee, poudre
       450 g
       (44)
       19,99 €
       44,42 € / 1 kg
     * nu3 Fit Protein Creme, Geschmack 2
       Nouveauté
       nu3 Fit Protein Creme, Chocolat blanc
       200 g
       (45)
       5,99 €
       3,00 € / 100 g

nu3 – Votre boutique en ligne pour une alimentation saine & sportive

   Des délicieux aliments naturels aux produits bien-être et beauté, sans
   oublier les compléments alimentaires santé et sport pour l’optimisation
   de vos performances – notre boutique en ligne dédiée à l’alimentation
   intelligente et aux produits bio met à votre disposition tout ce dont
   avez besoin pour manger sainement. Nous vous proposons un vaste
   assortiment de produits de haute qualité dont nous optimisons le profil
   nutritionnel. Que vous soyez à la recherche d’une boutique de nutrition
   sportive, de produits minceur naturels ou encore de compléments
   alimentaires en ligne pour améliorer votre forme physique ou votre
   santé, faites vos courses en ligne sur nu3. Notre équipe de
   diététiciens et d’experts nutrition expérimentés veille à ce que vous
   trouviez exactement le produit qui convient à vos besoins personnels.
   La boutique de nutrition en ligne nu3, c’est : des produits naturels et
   bio, des aliments sans sucre et des combinaisons de nutriments idéales
   pour vos muscles et votre santé ! Découvrez les ambassadeurs de la
   marque nu3 ici.

Super aliments et produits naturels

   Nous sélectionnons des produits naturels et sommes fiers de proposer
   des super aliments de la meilleure qualité. Découvrez les bienfaits de
   l’huile de coco bio, des graines de chia, des délicieuses pâtes à
   tartiner naturelles ou encore de nos farines à acheter en ligne. Nos
   produits sont majoritairement bio, permettant d’obtenir les meilleurs
   produits issus de plantes, de graines, de racines ou d’algues : acheter
   de la spiruline bio ou de la chlorella pour faire une cure d’énergie
   pendant l’hiver. Nous avons le bon produit pour vous que vous soyez
   végétalien, intolérant au gluten ou tout simplement adepte du bio.


   [homepage_seotext_naturkost_600x500.jpg]

Nutrition sportive & compléments alimentaires sport

   Vous souhaitez améliorer vos performances physiques ? Achetez des
   compléments alimentaires sport et musculation dans la boutique fitness
   & nutrition sportive nu3. Vous y trouverez les meilleures protéines
   pour la prise de masse, protéines végétales ou whey et ce à des prix
   compétitifs. Découvrez nos barres hyperprotéinées et nos acides aminés,
   BCAA ou glutamine pour vous accompagner pendant vos séances
   d’entraînement. Retrouvez toutes les infos sur l’alimentation sportive
   pour atteindre vos objectifs de prise de masse musculaire rapide dans
   nos dossiers consacrés à l’alimentation riche en protéines naturelles,
   telle que les beurres de noix protéinés dans la boutique de protéines
   nu3.

   [homepage_seotext_fitness_600x500.jpg]

Produits minceur

   Votre objectif est-il de perdre du poids rapidement, de maintenir votre
   poids ou de perdre quelques kilos en trop ? Le tout, bien sûr, sans
   l’effet yo-yo ? Vous êtes au bon endroit ! Choisissez entre les
   substituts de repas : les shakes minceur BEAVITA, les brûleurs de
   graisses ou comprimés minceur. Autre possibilité : adoptez une
   alimentation low carb et hyperprotéinée, pour cela visitez notre
   boutique de produits pauvres en glucides. Essayez nos nouilles
   shirataki pauvres en calories, nos muesli low carb et plein de snacks
   pour grignoter sainement. Toujours indécis ? Trouvez l’inspiration
   grâce à nos délicieuses recettes pauvres en glucides et cuisinez
   équilibré à l’aide des produits naturels pour remplacer le sucre comme
   le xylitol ou l’érythritol.

   [homepage_seotext_abnehmen_600x500.jpg]

Compléments alimentaires santé & soins

   Trouvez facilement en ligne le complément qu’il vous faut pour profiter
   au maximum de votre mode de vie sain et actif dans la boutique de
   complément alimentaire nu3. Découvrez notre vaste assortiment de
   vitamines en compléments alimentaires de haute qualité en passant par
   nos produits riches en vitamine C naturelle ou nos gélules d’oméga-3,
   tout y est. Trouver votre bonheur avec des compléments en minéraux et
   nutriments essentiels pour toujours avoir le bon apport en fer,
   magnésium ou zinc au quotidien. Découvrez de nombreux autres produits à
   petit prix dans le catalogue nu3 ! Afin de parfaire votre bien-être,
   venez découvrir nos cosmétiques naturels pour la peau, les cheveux et
   le soin du corps.

   [homepage_seotext_gesundheit_600x500.jpg]

Alimentation vegan – des produits végétaliens sans aucune origine animale

   Vous souhaitez manger vegan ou avoir un régime végétarien ? Grâce à nos
   précieuses informations et conseils, votre transition vers le régime
   vegan est facile. Continuez de manger équilibré sans consommer
   d’aliments d’origine animale. Pour un aperçu global, consultez notre
   comparatif des meilleures protéines vegan. Quelle protéine végétale est
   la plus adaptée à vos besoins ? Si vous souhaitez une protéine en
   poudre issue de plusieurs composants, notre Protéines Vegan 3K,
   chocolat est celle qu’il vous faut. Vous trouverez aussi de la protéine
   de riz, protéine de pois, de la protéine de chanvre, protéine de courge
   et de la protéine de soja sur notre boutique en ligne nu3 – ainsi que
   de nombreux produits vegan : pâtes à tartiner, compléments alimentaires
   entre autres.

   [homepage_seotext_vegankampagne_600x500.jpg]

Offres promotionnelles et codes promos nu3

   Des offres imbattables chaque mois dans notre boutique en ligne, à des
   prix exclusifs ! Notre newsletter personnalisée contient toutes les
   informations qu’il vous faut : nouveaux produits, offres
   promotionnelles et codes promo allant jusqu’à – 50 % ! Obtenez dès
   aujourd’hui un bon de réduction nu3 et recevez une réduction de 15 % à
   valoir sur toute la boutique lors de votre prochaine commande chez nu3,
   votre expert nutrition !

   Découvrez nos produits à prix réduits dans nos promotions !

   [sales_teaser_600x500_v10.jpg]

   Le produit n'est pas disponible

   Nous vous enverrons une notification dès que le produit sera à nouveau
   disponible.
     * * ____________________
     *

   (BUTTON) Envoyer

   Communiquez-nous votre adresse email afin d'être prévenu dès que le
   produit sera à nouveau en stock. Si nos stocks ne sont pas
   réapprovisionnés, nous vous enverrons une suggestion pour un produit
   alternatif.

   15% de réduction
   sur votre prochaine commande.
   Abonnez-vous à la newsletter pour recevoir les meilleures offres,
   conseils et inspirations de nu3.
   ____________________ Adresse e-mail
   Offre valable sur les produits nu3 et Beavita.
   Nous ne partagerons pas votre email avec des tiers.Vous pouvez vous
   désabonner à tout moment.
   (BUTTON)
   S'abonner

   Service Client
     *  FR: 0805 - 112 196
             BEL: 0800 - 380 86
             LUX: 800 - 228 31
     *  service@nu3.fr
     *  Temporairement indisponible
     *  FAQ
     * [ ] plus...

   Lun–Ven   9h30-18h
   Informations
     * [ ] A propos de nous
     * [ ] Offres d'emploi
     * [ ] Presse
     * [ ] Droit de Retractation
     * [ ] Formulaire de rétractation
     * [ ] Affiliation
     * [ ] Résolution des litiges en ligne
     * [ ] Texte du contrat
     * [ ] Points de vente

   Modes de paiement
   Modes de livraison

   Top catégories
     * Baie de goji
     * Comprimés minceur
     * Coupe-faim
     * Curcuma
     * Farine d'amande
     * Bcaa
     * Graine de chia
     * Maca

   Top topics
     * Conseils minceur
     * Aliments peu caloriques
     * Votre profil minceur
     * Régime cure détox
     * Aliments anti-stress
     * Meilleure protéine en poudre
     * Meilleurs BCAA

   Top marques
     * Govinda
     * Lavera
     * Optimum Nutrition
     * Rapunzel
     * Slim Fast
     * Weider
     * Weleda
     * Xucker
     * Yokebe

   nu3 International
     * Deutschland
     * Schweiz
     * Österreich
     * Suisse romande
     * Italia

   [ ] CGV
   [ ] Confidentialité
   [ ] Mentions légales
   [ ] Plan du site
   © 2019 nu3 GmbH - Berlin, Allemagne
   Prix TTC [ ] Frais de port non inclus (Livraison écologique)

   IFRAME: //www.googletagmanager.com/ns.html?id=GTM-WRH7SR
    #alternate alternate alternate alternate alternate alternate

   nu3 utilise des cookies afin d’améliorer votre expérience. En utilisant
   notre site Web, vous acceptez notre usage des cookies. 

   Conseils gratuits 0805 112 196
   Expédition rapide
   [ ] Livraison gratuite dès 49€
   

   ____________________ (BUTTON) Rechercher

   [ ]
   Panier 0,00 €
   Livraison gratuite

   0,00 € Total intermédiaire:
   Accéder au panier

   
   A
   
   
   
   0
     *
          + Top produits nu3
               o Produits minceur
               o Protéines végétales
               o Faibles en glucides
               o Super aliments
          + Produits favoris
               o Beurre de cacahuète
               o Huile de coco
               o Sucre de bouleau
               o Açaï
               o Whey
          + Conseils nutrition
               o Intolérances alimentaires
               o Farines sans gluten
               o Nouilles de konjac
               o Quel curcuma prendre ?
               o Vitamine D : aliments
          + Régimes pour maigrir
               o Régime hyperprotéiné
               o Programme hyperprotéiné 7 jours
               o Alimentation low carb
               o Obtenir un ventre plat
               o Meilleur shake minceur
          + Conseils musculation
               o Conseils prise de masse
               o Prise de masse femme
               o Petit-déjeuner protéiné
               o Aliments hyperprotéinés
               o Meilleure whey
     * Naturel & Bio
          + [ ] Retour
          + [ ] Super aliments
               o [ ] Retour
               o [ ] Baies de Goji
               o [ ] Graines de Chia
               o [ ] Noix de coco
               o [ ] Spiruline & Chlorella
               o [ ] Curcuma
               o [ ] Aronia
          + [ ] Poudre de superfruits
               o [ ] Retour
               o [ ] Açaï
               o [ ] Acérola
               o [ ] Guarana
               o [ ] Plus...
          + [ ] Edulcorants naturels
               o [ ] Retour
               o [ ] Xylitol - Sucre de bouleau
               o [ ] Erythritol
               o [ ] Sucre de coco
               o [ ] Sirops
               o [ ] Yacon
          + [ ] Pâtes à tartiner
               o [ ] Retour
               o [ ] Beurre de cacahuète
               o [ ] Purée de noix de cajou
               o [ ] Purée d'amande
               o [ ] Purée de noisette
               o [ ] Purée de coco
          + [ ] Jus et boissons
               o [ ] Retour
               o [ ] Smoothies
               o [ ] Jus d'aloe vera
               o [ ] Jus de légumes & Breuss
          + [ ] Sans gluten
               o [ ] Retour
               o [ ] Pâtes & Riz
               o [ ] Farine d'amande
               o [ ] Farine de coco
               o [ ] Farine de chia
               o [ ] Plus de farines...
          + [ ] Snacks sains
               o [ ] Retour
               o [ ] Barres
               o [ ] Smart Nuts
               o [ ] Superfood Trail Mix
               o [ ] Noix de Macadamia
               o [ ] Fruits secs
          + [ ] Petit-déjeuner
               o [ ] Retour
               o [ ] Muesli & Porridges
               o [ ] Pâte à tartiner
               o [ ] Matcha & Thé
               o [ ] Miel de Manuka
               o [ ] Cacao & Chocolat
          + [ ] Huiles naturelles
               o [ ] Retour
               o [ ] Huile de coco
               o [ ] Huile de chanvre
     * Sport
          + [ ] Retour
          + [ ] Protéines
               o [ ] Retour
               o [ ] Whey
               o [ ] Shakes protéinés
               o [ ] Beurre de cacahuète
               o [ ] Pancake & Mugcake
               o [ ] Protéines sans lactose
               o [ ] Plus...
          + [ ] Protéines végétales
               o [ ] Retour
               o [ ] Protéine mix vegan
               o [ ] Protéine de riz
               o [ ] Protéine de chanvre
               o [ ] Protéine de courge
               o [ ] Protéine de pois
          + [ ] Acides aminés
               o [ ] Retour
               o [ ] BCAA
               o [ ] L-Carnitine
               o [ ] Créatine & Creapure®
               o [ ] Glutamine
               o [ ] L-Arginine
               o [ ] Tyrosine
          + [ ] Barres & snacks
               o [ ] Retour
               o [ ] Barres protéinées
               o [ ] Barres énergétiques
               o [ ] Beurres de noix
               o [ ] Beef Jerky
               o [ ] Boissons protéinées
          + [ ] Compléments sportifs
               o [ ] Retour
               o [ ] Oméga-3
               o [ ] Spiruline
               o [ ] Minéraux
               o [ ] Glucides
               o [ ] Extrait de thé vert
          + [ ] Objectif : Muscle & Force
               o [ ] Retour
               o [ ] Prise de masse
               o [ ] Prise rapide
               o [ ] Cure de créatine
               o [ ] Programme alimentaire
               o [ ] Prise de masse sèche
               o [ ] Prise de masse femme
          + Tests comparatifs nu3 :
               o [ ] Retour
               o Meilleure barre protéinée
               o Meilleure whey
               o Meilleure poudre protéinée
               o Meilleurs acides aminés
               o Meilleurs BCAA
               o Meilleures protéines vegan
     * Maigrir
          + [ ] Retour
          + [ ] Produits Low Carb
               o [ ] Retour
               o [ ] Pâtes Low Carb
               o [ ] Farines Low Carb
               o [ ] Petit-déjeuner Low Carb
               o [ ] Muesli Low Carb
               o [ ] Sauces Low Carb
               o [ ] Plus...
          + [ ] Produits minceur
               o [ ] Retour
               o [ ] Substitut de repas
               o [ ] Brûleur de graisse
               o [ ] Coupe faim
               o [ ] Bloqueurs de glucides
               o [ ] Capteurs de graisse
               o [ ] Snacks minceur
          + [ ] Maigrir naturellement
               o [ ] Retour
               o [ ] Graines de chia
               o [ ] Psyllium
               o [ ] Jus & thé minceur
               o [ ] Quinoa
          + [ ] Vos objectifs minceur
               o [ ] Retour
               o [ ] Produits détox
               o [ ] Régime low carb
               o [ ] Remplacer le sucre
               o [ ] Maigrir vite
               o [ ] Maigrir sans faim
               o [ ] Stabiliser son poids
          + [ ] Nos packs minceur
               o [ ] Retour
               o [ ] Pack cuisine low carb
               o [ ] Pack régime 14 jours
               o [ ] Pack petit-déj minceur
               o [ ] Pack sauces Low Carb
               o [ ] Pack bloqueurs de glucides
     * Santé & Soins
          + [ ] Retour
          + [ ] Santé au naturel
               o [ ] Retour
               o [ ] Spiruline & Chlorella
               o [ ] Gelée Royale
               o [ ] Maca
               o [ ] Miel de Manuka
               o [ ] Propolis
               o [ ] Curcuma
          + [ ] Acides gras essentiels
               o [ ] Retour
               o [ ] Oméga-3
               o [ ] Oméga-3 végétalien
               o [ ] Oméga-6
               o [ ] Graines de chia
               o [ ] Huile de lin
               o [ ] Huile de bourrache
          + [ ] Vitamines
               o [ ] Retour
               o [ ] Vitamine D
               o [ ] Vitamine C
               o [ ] Vitamine B12
               o [ ] Vitamine E
               o [ ] Multivitamines
               o [ ] Vitamine B complexe
          + [ ] Minéraux
               o [ ] Retour
               o [ ] Fer
               o [ ] Magnésium
               o [ ] Équilibre acido-basique
               o [ ] Calcium
               o [ ] Zinc
          + [ ] Enfance & Maternité
               o [ ] Retour
               o [ ] Soins femme enceinte
               o [ ] Compléments grossesse
               o [ ] Soin bébé
               o [ ] Lait infantile
               o [ ] Allaitement
          + [ ] Nutriments essentiels
               o [ ] Retour
               o [ ] Acide hyaluronique
               o [ ] Coenzyme Q10
               o [ ] Astaxanthine
               o [ ] Antioxydants
               o [ ] Extraits de pépin de raisin
          + [ ] Compléments Santé
               o [ ] Retour
               o [ ] Os & Articulations
               o [ ] Système immunitaire
               o [ ] Cardio-vasculaire
               o [ ] Gastro-intestinal
               o [ ] Sexualité & Libido
               o [ ] Intolérances alimentaires
          + [ ] Soins du visage
               o [ ] Retour
               o [ ] Soins anti-âge
               o [ ] Huile de coco
               o [ ] Crème hydratante
               o [ ] Nettoyant visage
               o [ ] Baume à lèvre
               o [ ] Contour des yeux
          + [ ] Soins du corps
               o [ ] Retour
               o [ ] Huile pour le corps
               o [ ] Déodorants
               o [ ] Gel douche
               o [ ] Savon naturel
               o [ ] Soins des mains
          + [ ] Autres soins
               o [ ] Retour
               o [ ] Soins cheveux
               o [ ] Soins pour homme
               o [ ] Soins dentaires
     * % PROMOS
          + [ ] Retour
          + [ ] Promos Minceur
          + [ ] Promos Naturel & Bio
          + [ ] Promos Sport
          + [ ] Promos Santé
          + [ ] Promos Beauté
          + [ ] Zéro Gaspillage
               o [ ] Retour
               o [ ] Minceur
               o [ ] Sport
               o [ ] Naturel & Bio
               o [ ] Santé
     *  Mon compte
     * nu3Kitchen
          + [ ] Retour
          + [ ] Recettes low carb
               o [ ] Retour
               o [ ] Pâtisserie low carb
               o [ ] Snack low carb
               o [ ] Pâtes low carb
               o [ ] Pizza low carb
          + [ ] Recettes fitness
               o [ ] Retour
               o [ ] Recettes hyperprotéinées
               o [ ] Snacks hyperprotéinés
               o [ ] Petit-déjeuner fitness
               o [ ] Shakes hyperprotéinés
               o [ ] Barres hyperprotéinées
          + [ ] Recettes minceur
               o [ ] Retour
               o [ ] Recettes sans sucre
               o [ ] Régime hyperprotéiné
               o [ ] Recettes peu caloriques
               o [ ] Recettes light
               o [ ] Shakes minceur
          + [ ] Recettes de saison
               o [ ] Retour
               o [ ] Recettes d'automne
               o [ ] Recettes d'hiver
               o [ ] Recettes de Noël
               o [ ] Recettes apéro
               o [ ] Pique-nique
          + [ ] Idées de recettes
               o [ ] Retour
               o [ ] Recettes vegan
               o [ ] Pâtisserie
               o [ ] Snacks
               o [ ] Recettes superfood
               o [ ] Recettes sans gluten

     * Mon compte
     * Mes commandes
     * Adresses

   Identification Nouveau client? Créer un compte.

1 Produits trouvés pour “{q}”

   [ ] 4
   [ ] 3

   FILTER

Catégories

     * Maigrir
     * Naturel & Bio
     * Sport
     * Santé & Soins
     * % PROMOS
     * Marques
     * Nouveautés
     * Cadeaux

Affiner la recherche

   {q}_________________ (BUTTON)

Marque

     * [ ] nu3 (1)

Ingrédients

   ____________________
     * [ ] Sans conservateurs (1)
     * [ ] Sans gluten (1)
     * [ ] Sans gélatine (1)
     * [ ] Sans lactose  (1)
     * [ ] Végétalien (1)
     * [ ] Végétarien (1)

Prix

     * [ ] 15 - 25 € (1)

Conditionnement

     * [ ] Gélules (1)

   Pertinence
     * Prix croissant
     * Prix décroissant
     * Nom (A-Z)
     * Nom (Z-A)
     * Promos

   [ ] 4
   [ ] 3
     * 1

   Par page:
   15
     * 30
     * 60

     * [ ] nu3 Coenzyme Q10 vegan premium
       Nouveauté
       [ ]
       Plus d'infos

nu3 Premium Q10
       60 gélules
          + Très contentré : 100 mg de Q10 par gélule
          + Meilleure biodisponibilité grâce à huile de soja
          + Sans gluten ni lactose
   19,99 €
       42,71 € / 100 g
       −
       1___________________
       +
       En Stock – Livraison en 2-4 jours ouvrés
       (BUTTON)
       Ajouter au panier

   Pertinence
     * Prix croissant
     * Prix décroissant
     * Nom (A-Z)
     * Nom (Z-A)
     * Promos

   [ ] 4
   [ ] 3
     * 1

   Par page:
   15
     * 30
     * 60

   Les recommandations de nos clients
   6 x CLIF Bar Crunchy Peanut Butter, Riegel

   CLIF Bar, Beurre de Cacahuète avec Morceaux, barres...

   Goût Magnifique !!

   jérémy..., 13. Aug 2019
   Vraiment super bon !! Je n'ai jamais goûté une barre comme celle-ci
   avant, un pur plaisir ! En terme d'apport avant/pendant une séance de
   sport c'est le top !!
   nu3 Shaker

   nu3 Shaker 700 ml

   très bien

   Claudine, 07. Aug 2019
   mélange bien les shakes avec bille acier.
   nu3 Bio Kokosöl
   Top Ventes

   nu3 Huile de coco bio

   Bon produit

   CELINE, 06. Aug 2019
   Je l'utilise aussi bien pour la cuisine que pour mes soins capillaires.
   Très bon produit
   nu3 Bio Kokosblütenzucker

   nu3 Sucre de fleur de coco bio

   Excellent

   CELINE, 06. Aug 2019
   Excellent produit goût sucré sans les inconvénients

   Le produit n'est pas disponible

   Nous vous enverrons une notification dès que le produit sera à nouveau
   disponible.
     * * ____________________
     *

   (BUTTON) Envoyer

   Communiquez-nous votre adresse email afin d'être prévenu dès que le
   produit sera à nouveau en stock. Si nos stocks ne sont pas
   réapprovisionnés, nous vous enverrons une suggestion pour un produit
   alternatif.

   15% de réduction
   sur votre prochaine commande.
   Abonnez-vous à la newsletter pour recevoir les meilleures offres,
   conseils et inspirations de nu3.
   ____________________ Adresse e-mail
   Offre valable sur les produits nu3 et Beavita.
   Nous ne partagerons pas votre email avec des tiers.Vous pouvez vous
   désabonner à tout moment.
   (BUTTON)
   S'abonner

   Service Client
     *  FR: 0805 - 112 196
             BEL: 0800 - 380 86
             LUX: 800 - 228 31
     *  service@nu3.fr
     *  Temporairement indisponible
     *  FAQ
     * [ ] plus...

   Lun–Ven   9h30-18h
   Informations
     * [ ] A propos de nous
     * [ ] Offres d'emploi
     * [ ] Presse
     * [ ] Droit de Retractation
     * [ ] Formulaire de rétractation
     * [ ] Affiliation
     * [ ] Résolution des litiges en ligne
     * [ ] Texte du contrat
     * [ ] Points de vente

   Modes de paiement
   Modes de livraison

   nu3 International
     * Deutschland
     * Schweiz
     * Österreich
     * Suisse romande
     * Italia

   [ ] CGV
   [ ] Confidentialité
   [ ] Mentions légales
   [ ] Plan du site
   © 2019 nu3 GmbH - Berlin, Allemagne
   Prix TTC [ ] Frais de port non inclus (Livraison écologique)

   IFRAME: //www.googletagmanager.com/ns.html?id=GTM-WRH7SR
    #alternate alternate alternate alternate alternate alternate alternate

   nu3 utilise des cookies afin d’améliorer votre expérience. En utilisant
   notre site Web, vous acceptez notre usage des cookies. 

   Conseils gratuits 0805 112 196
   Expédition rapide
   [ ] Livraison gratuite dès 49€
   

   ____________________ (BUTTON) Rechercher

   [ ]
   Panier 0,00 €
   Livraison gratuite

   0,00 € Total intermédiaire:
   Accéder au panier

   
   A
   
   
   
   0
     *
          + [ ] Top produits nu3
               o [ ] Produits minceur
               o [ ] Protéines végétales
               o [ ] Faibles en glucides
               o [ ] Super aliments
          + [ ] Produits favoris
               o [ ] Beurre de cacahuète
               o [ ] Huile de coco
               o [ ] Sucre de bouleau
               o [ ] Açaï
               o [ ] Whey
          + Conseils nutrition
               o [ ] Intolérances alimentaires
               o [ ] Farines sans gluten
               o [ ] Nouilles de konjac
               o [ ] Quel curcuma prendre ?
               o [ ] Vitamine D : aliments
          + [ ] Régimes pour maigrir
               o [ ] Régime hyperprotéiné
               o [ ] Programme hyperprotéiné 7 jours
               o [ ] Alimentation low carb
               o [ ] Obtenir un ventre plat
               o [ ] Meilleur shake minceur
          + Conseils musculation
               o [ ] Conseils prise de masse
               o [ ] Prise de masse femme
               o [ ] Petit-déjeuner protéiné
               o [ ] Aliments hyperprotéinés
               o [ ] Meilleure whey
     * Naturel & Bio
          + [ ] Retour
          + [ ] Super aliments
               o [ ] Retour
               o [ ] Baies de Goji
               o [ ] Graines de Chia
               o [ ] Noix de coco
               o [ ] Spiruline & Chlorella
               o [ ] Curcuma
               o [ ] Aronia
          + [ ] Poudre de superfruits
               o [ ] Retour
               o [ ] Açaï
               o [ ] Acérola
               o [ ] Guarana
               o [ ] Plus...
          + [ ] Edulcorants naturels
               o [ ] Retour
               o [ ] Xylitol - Sucre de bouleau
               o [ ] Erythritol
               o [ ] Sucre de coco
               o [ ] Sirops
               o [ ] Yacon
          + [ ] Pâtes à tartiner
               o [ ] Retour
               o [ ] Beurre de cacahuète
               o [ ] Purée de noix de cajou
               o [ ] Purée d'amande
               o [ ] Purée de noisette
               o [ ] Purée de coco
          + [ ] Jus et boissons
               o [ ] Retour
               o [ ] Smoothies
               o [ ] Jus d'aloe vera
               o [ ] Jus de légumes & Breuss
          + [ ] Sans gluten
               o [ ] Retour
               o [ ] Pâtes & Riz
               o [ ] Farine d'amande
               o [ ] Farine de coco
               o [ ] Farine de chia
               o [ ] Plus de farines...
          + [ ] Snacks sains
               o [ ] Retour
               o [ ] Barres
               o [ ] Smart Nuts
               o [ ] Superfood Trail Mix
               o [ ] Noix de Macadamia
               o [ ] Fruits secs
          + [ ] Petit-déjeuner
               o [ ] Retour
               o [ ] Muesli & Porridges
               o [ ] Pâte à tartiner
               o [ ] Matcha & Thé
               o [ ] Miel de Manuka
               o [ ] Cacao & Chocolat
          + [ ] Huiles naturelles
               o [ ] Retour
               o [ ] Huile de coco
               o [ ] Huile de chanvre
     * Sport
          + [ ] Retour
          + [ ] Protéines
               o [ ] Retour
               o [ ] Whey
               o [ ] Shakes protéinés
               o [ ] Beurre de cacahuète
               o [ ] Pancake & Mugcake
               o [ ] Protéines sans lactose
               o [ ] Plus...
          + [ ] Protéines végétales
               o [ ] Retour
               o [ ] Protéine mix vegan
               o [ ] Protéine de riz
               o [ ] Protéine de chanvre
               o [ ] Protéine de courge
               o [ ] Protéine de pois
          + [ ] Acides aminés
               o [ ] Retour
               o [ ] BCAA
               o [ ] L-Carnitine
               o [ ] Créatine & Creapure®
               o [ ] Glutamine
               o [ ] L-Arginine
               o [ ] Tyrosine
          + [ ] Barres & snacks
               o [ ] Retour
               o [ ] Barres protéinées
               o [ ] Barres énergétiques
               o [ ] Beurres de noix
               o [ ] Beef Jerky
               o [ ] Boissons protéinées
          + [ ] Compléments sportifs
               o [ ] Retour
               o [ ] Oméga-3
               o [ ] Spiruline
               o [ ] Minéraux
               o [ ] Glucides
               o [ ] Extrait de thé vert
          + [ ] Objectif : Muscle & Force
               o [ ] Retour
               o [ ] Prise de masse
               o [ ] Prise rapide
               o [ ] Cure de créatine
               o [ ] Programme alimentaire
               o [ ] Prise de masse sèche
               o [ ] Prise de masse femme
          + [ ] Tests comparatifs nu3 :
               o [ ] Retour
               o [ ] Meilleure barre protéinée
               o [ ] Meilleure whey
               o [ ] Meilleure poudre protéinée
               o [ ] Meilleurs acides aminés
               o [ ] Meilleurs BCAA
               o [ ] Meilleures protéines vegan
     * Maigrir
          + [ ] Retour
          + [ ] Produits Low Carb
               o [ ] Retour
               o [ ] Pâtes Low Carb
               o [ ] Farines Low Carb
               o [ ] Petit-déjeuner Low Carb
               o [ ] Muesli Low Carb
               o [ ] Sauces Low Carb
               o [ ] Plus...
          + [ ] Produits minceur
               o [ ] Retour
               o [ ] Substitut de repas
               o [ ] Brûleur de graisse
               o [ ] Coupe faim
               o [ ] Bloqueurs de glucides
               o [ ] Capteurs de graisse
               o [ ] Snacks minceur
          + [ ] Maigrir naturellement
               o [ ] Retour
               o [ ] Graines de chia
               o [ ] Psyllium
               o [ ] Jus & thé minceur
               o [ ] Quinoa
          + [ ] Vos objectifs minceur
               o [ ] Retour
               o [ ] Produits détox
               o [ ] Régime low carb
               o [ ] Remplacer le sucre
               o [ ] Maigrir vite
               o [ ] Maigrir sans faim
               o [ ] Stabiliser son poids
          + [ ] Nos packs minceur
               o [ ] Retour
               o [ ] Pack cuisine low carb
               o [ ] Pack régime 14 jours
               o [ ] Pack petit-déj minceur
               o [ ] Pack sauces Low Carb
               o [ ] Pack bloqueurs de glucides
     * Santé & Soins
          + [ ] Retour
          + Santé au naturel
               o [ ] Retour
               o Spiruline & Chlorella
               o Gelée Royale
               o Maca
               o Miel de Manuka
               o Propolis
               o Curcuma
          + Acides gras essentiels
               o [ ] Retour
               o Oméga-3
               o Oméga-3 végétalien
               o Oméga-6
               o Graines de chia
               o Huile de lin
               o Huile de bourrache
          + Vitamines
               o [ ] Retour
               o Vitamine D
               o Vitamine C
               o Vitamine B12
               o Vitamine E
               o Multivitamines
               o Vitamine B complexe
          + Minéraux
               o [ ] Retour
               o Fer
               o Magnésium
               o Équilibre acido-basique
               o Calcium
               o Zinc
          + Enfance & Maternité
               o [ ] Retour
               o Soins femme enceinte
               o Compléments grossesse
               o Soin bébé
               o Lait infantile
               o Allaitement
          + Nutriments essentiels
               o [ ] Retour
               o Acide hyaluronique
               o Coenzyme Q10
               o Astaxanthine
               o Antioxydants
               o Extraits de pépin de raisin
          + Compléments Santé
               o [ ] Retour
               o Os & Articulations
               o Système immunitaire
               o Cardio-vasculaire
               o Gastro-intestinal
               o Sexualité & Libido
               o Intolérances alimentaires
          + Soins du visage
               o [ ] Retour
               o Soins anti-âge
               o Huile de coco
               o Crème hydratante
               o Nettoyant visage
               o Baume à lèvre
               o Contour des yeux
          + Soins du corps
               o [ ] Retour
               o Huile pour le corps
               o Déodorants
               o Gel douche
               o Savon naturel
               o Soins des mains
          + Autres soins
               o [ ] Retour
               o Soins cheveux
               o Soins pour homme
               o Soins dentaires
     * % PROMOS
          + [ ] Retour
          + [ ] Promos Minceur
          + [ ] Promos Naturel & Bio
          + [ ] Promos Sport
          + [ ] Promos Santé
          + [ ] Promos Beauté
          + [ ] Zéro Gaspillage
               o [ ] Retour
               o [ ] Minceur
               o [ ] Sport
               o [ ] Naturel & Bio
               o [ ] Santé
     *  Mon compte
     * nu3Kitchen
          + [ ] Retour
          + [ ] Recettes low carb
               o [ ] Retour
               o [ ] Pâtisserie low carb
               o [ ] Snack low carb
               o [ ] Pâtes low carb
               o [ ] Pizza low carb
          + [ ] Recettes fitness
               o [ ] Retour
               o [ ] Recettes hyperprotéinées
               o [ ] Snacks hyperprotéinés
               o [ ] Petit-déjeuner fitness
               o [ ] Shakes hyperprotéinés
               o [ ] Barres hyperprotéinées
          + [ ] Recettes minceur
               o [ ] Retour
               o [ ] Recettes sans sucre
               o [ ] Régime hyperprotéiné
               o [ ] Recettes peu caloriques
               o [ ] Recettes light
               o [ ] Shakes minceur
          + [ ] Recettes de saison
               o [ ] Retour
               o [ ] Recettes d'automne
               o [ ] Recettes d'hiver
               o [ ] Recettes de Noël
               o [ ] Recettes apéro
               o [ ] Pique-nique
          + [ ] Idées de recettes
               o [ ] Retour
               o [ ] Recettes vegan
               o [ ] Pâtisserie
               o [ ] Snacks
               o [ ] Recettes superfood
               o [ ] Recettes sans gluten

     * Mon compte
     * Mes commandes
     * Adresses

   Identification Nouveau client? Créer un compte.

7 Produits dans la catégorie Magnésium

   [ ] 4
   [ ] 3

   FILTER

Catégories

     * [ ] Toutes catégories
     * Santé & Soins
          + Minéraux
               o Magnésium

Affiner la recherche

   ____________________ (BUTTON)

Marque

     * [ ] nu3 (3)
     * [ ] Doppelherz (2)
     * [ ] PurePharma (1)
     * [ ] Raab Vitalfood (1)

Ingrédients

   ____________________
     * [ ] Sans alcool (2)
     * [ ] Sans arômes (8)
     * [ ] Sans colorants (7)
     * [ ] Sans conservateurs (8)
     * [ ] Sans exhausteur de goût (3)
     * [ ] Sans gluten (7)
     * [ ] Sans gélatine (7)
     * [ ] Sans lactose  (8)
     * [ ] Sans levure (2)
     * [ ] Sans nanotechnologie (2)

     * [ ] Sans substitut de sucre (8)
     * [ ] Sans sucre (5)
     * [ ] Sans sucres ajoutés (6)
     * [ ] Sans édulcorants (6)
     * [ ] Végétalien (5)
     * [ ] Végétarien (5)

   + Voir 6 de plus

Caractéristiques

     * [ ] Certifié Bio (2)
     * [ ] Ingrédients naturels (2)
     * [ ] Sans aspartame (2)

Prix

     * [ ] 5 - 10 € (3)
     * [ ] 10 - 15 € (2)
     * [ ] 15 - 25 € (2)
     * [ ] 25 - 50 € (1)

Conditionnement

     * [ ] Comprimés (1)
     * [ ] Granules (1)
     * [ ] Gélules (3)
     * [ ] Poudre (3)

   Avis sur la catégorie Magnésium: (25) (4.36 sur 5)
   25 avis en tout

Magnésium : minéral essentiel

   Optimisez votre apport en magnésium avec nos compléments alimentaires
   santé à base de ce minéral essentiel à l'organisme. Se consomme en cure
   lors de carences ou de fatigues passagères mais aussi au quotidien afin
   de profiter au mieux de tous ses bienfaits.

   Pertinence
     * Prix croissant
     * Prix décroissant
     * Nom (A-Z)
     * Nom (Z-A)
     * Promos

   [ ] 4
   [ ] 3
     * 1

   Par page:
   15
     * 30
     * 60

     * [ ] nu3 Bio Smoothie Booster Immunity
       Nouveauté
       [ ]
       Plus d'infos

nu3 Smoothie Booster Bio
       Immunity, 100 g
       (2) 2 Avis

     * Le complément parfait pour les smoothies, shakes & yaourts
     * Poudre de fruits riche en vitamines & minéraux
     * Ingrédients bio séchés & 100 % naturels

   Variante: Immunity
     * Balance
     * Energy

   11,99 €

   11,99 € / 100 g
   −
   1___________________
   +
   En Stock – Livraison en 2-4 jours ouvrés
   (BUTTON)
   Ajouter au panier

     [ ] nu3 Premium Diadyn Multivitamin
   Nouveauté
   [ ]
   Plus d'infos

nu3 Premium Diadyn® Multivitamines

   2 x 90 gélules

   (1) 1 Avis

     * Formule innovante, action optimale jour & nuit
     * Meilleur apport en 22 vitamines & minéraux
     * 100 % pur : gélules vegan sans conservateurs

   Ce qu'en disent nos clients :
   "Super"

   29,99 €

   22,89 € / 100 g
   −
   1___________________
   +
   En Stock – Livraison en 2-4 jours ouvrés
   (BUTTON)
   Ajouter au panier



   [ ] nu3 Premium Magnesium
   Nouveauté
   [ ]
   Plus d'infos

  nu3 Magnésium premium

   120 gélules

   (4) 4 Avis
     * Le magnésium aide à réduire la fatigue musculaire
     * Absorption optimale : 4 combinaisons de magnésium
     * Seulement 2 gélules par jour : matin & soir

   Ce qu'en disent nos clients :
   "Satisfait du produit !"
   "Un bon produit"

   15,99 €

   22,84 € / 100 g
   −
   1___________________
   +
   En Stock – Livraison en 2-4 jours ouvrés
   (BUTTON)
   Ajouter au panier



   [ ] Doppelherz Magnesium 400 + B1 + B6 + B12 Doppelpack, Tabletten
   [ ]
   Plus d'infos

  Doppelherz, Magnésium 400 + B1 + B6 + B12

   2 x 30 comprimés

   (9) 9 Avis
     * A base de magnésium
     * Riche en acide folique et de vitamines B
     * Complémentaire santé essentiel

   Ce qu'en disent nos clients :
   "Efficace et je sans le résultat"
   "Très satisfaite!"

   9,79 €

   12,85 € / 100 g
   −
   1___________________
   +
   En Stock – Livraison en 2-4 jours ouvrés
   (BUTTON)
   Ajouter au panier



   [ ] PurePharma M3, Kapseln
   [ ]
   Plus d'infos

  Puori, Magnésium M3

   120 gélules

   (3) 3 Avis
     * Effet positif sur le système immunitaire
     * Hautement concentrée en minéraux
     * Apport complémentaire en magnésium et zinc

   Ce qu'en disent nos clients :
   "Très bon produit"
   "top qualité"

   24,99 €

   20,83 € / 100 g
   −
   1___________________
   +
   En Stock – Livraison en 2-4 jours ouvrés
   (BUTTON)
   Ajouter au panier



   [ ] Raab Vitalfood Magnesiumcitrat, Pulver
   [ ]
   Plus d'infos

  Raab Vitalfood, Citrate de magnésium

   200 g

   (2) 2 Avis
     * Magnésium en poudre
     * Sans conservateurs
     * Contre la fatigue passagère

   Ce qu'en disent nos clients :
   "Très satisfaite"

   14,99 €

   7,50 € / 100 g
   −
   1___________________
   +
   En Stock – Livraison en 2-4 jours ouvrés
   (BUTTON)
   Ajouter au panier



   [ ] Doppelherz Magnesium + Calcium + D3, Direktgranulat, Doppelpack
   [ ]
   Plus d'infos

  Doppelherz, Magnésium + calcium + D3

   2 x 20 sachet(s)

   (5) 5 Avis
     * Granulés à base de magnésium
     * Riche en calcium et vitamines
     * Pour un bon métabolisme énergétique

   Ce qu'en disent nos clients :
   "Des vitamines au goût de citron"
   "Très satisfaite"

   9,79 €

   8,90 € / 100 g
   −
   1___________________
   +
   En Stock – Livraison en 2-4 jours ouvrés
   (BUTTON)
   Ajouter au panier

   Pertinence
     * Prix croissant
     * Prix décroissant
     * Nom (A-Z)
     * Nom (Z-A)
     * Promos

   [ ] 4
   [ ] 3
     * 1

   Par page:
   15
     * 30
     * 60

   Les recommandations de nos clients
   Doppelherz Magnesium + Calcium + D3, Direktgranulat, Doppelpack

   Doppelherz, Magnésium + calcium + D3, granulés

   Très satisfaite

   Marie-Line, 04. Jul 2018
   Très bon produit.
   Doppelherz Magnesium 400 + B1 + B6 + B12 Doppelpack, Tabletten

   Doppelherz, Magnésium 400 + B1 + B6 + B12

   parfait

   grace, 09. May 2018
   cure de deux boites terminée. plus de tremblement des paupières,plus de
   crampes!je recommande
   Doppelherz Magnesium + Calcium + D3, Direktgranulat, Doppelpack

   Doppelherz, Magnésium + calcium + D3, granulés

   Satisfaite

   Pauline, 17. Apr 2018
   Au début la poudre est un peu déroutante mais le goût citron est
   agréable. Un bon petit coup de fouet pour commencer la journée ! Je les
   ai commandé en comprimés, je verrai bien
   Doppelherz Magnesium + Calcium + D3, Direktgranulat, Doppelpack

   Doppelherz, Magnésium + calcium + D3, granulés

   Des vitamines au goût de citron

   Santa, 18. Mar 2018
   Facile à boire avec de l'eau le matin et le soir.

Le magnésium

   Le magnésium se trouve dans les os et dans les tissus mous et il aide à
   fixer le calcium sur les os. Il contribue à un métabolisme énergétique
   normal, au fonctionnement normal du système nerveux, à une fonction
   musculaire normale, au maintien d'une ossature et d'une dentition
   normales. En apport suffisant, le magnésium contribue à une synthèse
   protéique normale.

   Ici, dans notre boutique en ligne d'experts en nutrition, vous pouvez
   acheter des compléments alimentaires contenant du magnésium dans des
   doses définies avec précision. Vous avez le choix entre des
   préparations pures ne contenant que du magnésium ou bien des
   préparations combinant du magnésium et d'autres nutriments.

Le magnésium, c'est quoi ?

   Le magnésium est un minéral alimentaire essentiel. Il y'a environ 24
   grammes de magnésium dans le corps humain. L'apport quotidien
   recommandé est de 375 mg. Le corps ne fabriquant pas de magnésium, il
   est nécessaire de lui en procurer via l'alimentation.

   Certaines sources de magnésium dans l'alimentation :
     * les fruits de mer (très riches en magnésium)
     * le cacao
     * les céréales complètes
     * les épinards
     * le chocolat
     * certaines eaux minérales

Nos besoins en magnésium

   L'Union européenne recommande un apport en magnésium d'environ 6 mg par
   kilo de masse corporelle. Une alimentation, saine, équilibrée et
   consciente peut apporter au corps suffisamment de magnésium. Ceci n'est
   pourtant pas évident avec une vie active, c'est pourquoi nous vous
   proposons une gamme de compléments alimentaires contenant du magnésium
   et pouvant vous aider à atteindre l'apport quotidien recommandé.
   Cependant, votre apport en magnésium ne doit pas excéder 250 mg
   lorsqu'il provient de compléments alimentaires et doit donc être
   compléter par un apport en magnésium provenant de l'alimentation.

Le magnésium chez nu3

   Chez nu3, nous vous proposons plusieurs façons de faciliter votre
   apport quotidien en magnésium :
     * des gélules et des comprimés tout simplement à base de magnésium
       pour compléter votre alimentation
     * des granulés solubles aussi riches en vitamine C, ces 2 nutriments
       contribuant à réduire la fatigue, ces granulés peuvent être un
       boost quotidien !
     * des ampoules à boire combinées à de la vitamine B6 !
     * et bien d'autres produits contenant du magnésium pur ou en
       combinaison !
          + Accueil
          + Santé & Soins
          + Minéraux
          + Magnésium

   Le produit n'est pas disponible

   Nous vous enverrons une notification dès que le produit sera à nouveau
   disponible.
     * * ____________________
     *

   (BUTTON) Envoyer

   Communiquez-nous votre adresse email afin d'être prévenu dès que le
   produit sera à nouveau en stock. Si nos stocks ne sont pas
   réapprovisionnés, nous vous enverrons une suggestion pour un produit
   alternatif.

   15% de réduction
   sur votre prochaine commande.
   Abonnez-vous à la newsletter pour recevoir les meilleures offres,
   conseils et inspirations de nu3.
   ____________________ Adresse e-mail
   Offre valable sur les produits nu3 et Beavita.
   Nous ne partagerons pas votre email avec des tiers.Vous pouvez vous
   désabonner à tout moment.
   (BUTTON)
   S'abonner

   Service Client
     *  FR: 0805 - 112 196
             BEL: 0800 - 380 86
             LUX: 800 - 228 31
     *  service@nu3.fr
     *  Temporairement indisponible
     *  FAQ
     * [ ] plus...

   Lun–Ven   9h30-18h
   Informations
     * [ ] A propos de nous
     * [ ] Offres d'emploi
     * [ ] Presse
     * [ ] Droit de Retractation
     * [ ] Formulaire de rétractation
     * [ ] Affiliation
     * [ ] Résolution des litiges en ligne
     * [ ] Texte du contrat
     * [ ] Points de vente

   Modes de paiement
   Modes de livraison

   nu3 International
     * Deutschland
     * Schweiz
     * Österreich
     * Suisse romande
     * Italia

   [ ] CGV
   [ ] Confidentialité
   [ ] Mentions légales
   [ ] Plan du site
   © 2019 nu3 GmbH - Berlin, Allemagne
   Prix TTC [ ] Frais de port non inclus (Livraison écologique)

   IFRAME: //www.googletagmanager.com/ns.html?id=GTM-WRH7SR
    #alternate alternate alternate alternate alternate alternate

   nu3 utilise des cookies afin d’améliorer votre expérience. En utilisant
   notre site Web, vous acceptez notre usage des cookies. 

   Conseils gratuits 0805 112 196
   Expédition rapide
   [ ] Livraison gratuite dès 49€
   

   ____________________ (BUTTON) Rechercher

   [ ]
   Panier 0,00 €
   Livraison gratuite

   0,00 € Total intermédiaire:
   Accéder au panier

   
   A
   
   
   
   0
     *
          + [ ] Top produits nu3
               o [ ] Produits minceur
               o [ ] Protéines végétales
               o [ ] Faibles en glucides
               o [ ] Super aliments
          + [ ] Produits favoris
               o [ ] Beurre de cacahuète
               o [ ] Huile de coco
               o [ ] Sucre de bouleau
               o [ ] Açaï
               o [ ] Whey
          + Conseils nutrition
               o [ ] Intolérances alimentaires
               o [ ] Farines sans gluten
               o [ ] Nouilles de konjac
               o [ ] Quel curcuma prendre ?
               o [ ] Vitamine D : aliments
          + [ ] Régimes pour maigrir
               o [ ] Régime hyperprotéiné
               o [ ] Programme hyperprotéiné 7 jours
               o [ ] Alimentation low carb
               o [ ] Obtenir un ventre plat
               o [ ] Meilleur shake minceur
          + Conseils musculation
               o [ ] Conseils prise de masse
               o [ ] Prise de masse femme
               o [ ] Petit-déjeuner protéiné
               o [ ] Aliments hyperprotéinés
               o [ ] Meilleure whey
     * Naturel & Bio
          + [ ] Retour
          + Super aliments
               o [ ] Retour
               o Baies de Goji
               o Graines de Chia
               o Noix de coco
               o Spiruline & Chlorella
               o Curcuma
               o Aronia
          + Poudre de superfruits
               o [ ] Retour
               o Açaï
               o Acérola
               o Guarana
               o Plus...
          + Edulcorants naturels
               o [ ] Retour
               o Xylitol - Sucre de bouleau
               o Erythritol
               o Sucre de coco
               o Sirops
               o Yacon
          + Pâtes à tartiner
               o [ ] Retour
               o Beurre de cacahuète
               o Purée de noix de cajou
               o Purée d'amande
               o Purée de noisette
               o Purée de coco
          + Jus et boissons
               o [ ] Retour
               o Smoothies
               o Jus d'aloe vera
               o Jus de légumes & Breuss
          + Sans gluten
               o [ ] Retour
               o Pâtes & Riz
               o Farine d'amande
               o Farine de coco
               o Farine de chia
               o Plus de farines...
          + Snacks sains
               o [ ] Retour
               o Barres
               o Smart Nuts
               o Superfood Trail Mix
               o Noix de Macadamia
               o Fruits secs
          + Petit-déjeuner
               o [ ] Retour
               o Muesli & Porridges
               o Pâte à tartiner
               o Matcha & Thé
               o Miel de Manuka
               o Cacao & Chocolat
          + Huiles naturelles
               o [ ] Retour
               o Huile de coco
               o Huile de chanvre
     * Sport
          + [ ] Retour
          + [ ] Protéines
               o [ ] Retour
               o [ ] Whey
               o [ ] Shakes protéinés
               o [ ] Beurre de cacahuète
               o [ ] Pancake & Mugcake
               o [ ] Protéines sans lactose
               o [ ] Plus...
          + [ ] Protéines végétales
               o [ ] Retour
               o [ ] Protéine mix vegan
               o [ ] Protéine de riz
               o [ ] Protéine de chanvre
               o [ ] Protéine de courge
               o [ ] Protéine de pois
          + [ ] Acides aminés
               o [ ] Retour
               o [ ] BCAA
               o [ ] L-Carnitine
               o [ ] Créatine & Creapure®
               o [ ] Glutamine
               o [ ] L-Arginine
               o [ ] Tyrosine
          + [ ] Barres & snacks
               o [ ] Retour
               o [ ] Barres protéinées
               o [ ] Barres énergétiques
               o [ ] Beurres de noix
               o [ ] Beef Jerky
               o [ ] Boissons protéinées
          + [ ] Compléments sportifs
               o [ ] Retour
               o [ ] Oméga-3
               o [ ] Spiruline
               o [ ] Minéraux
               o [ ] Glucides
               o [ ] Extrait de thé vert
          + [ ] Objectif : Muscle & Force
               o [ ] Retour
               o [ ] Prise de masse
               o [ ] Prise rapide
               o [ ] Cure de créatine
               o [ ] Programme alimentaire
               o [ ] Prise de masse sèche
               o [ ] Prise de masse femme
          + [ ] Tests comparatifs nu3 :
               o [ ] Retour
               o [ ] Meilleure barre protéinée
               o [ ] Meilleure whey
               o [ ] Meilleure poudre protéinée
               o [ ] Meilleurs acides aminés
               o [ ] Meilleurs BCAA
               o [ ] Meilleures protéines vegan
     * Maigrir
          + [ ] Retour
          + [ ] Produits Low Carb
               o [ ] Retour
               o [ ] Pâtes Low Carb
               o [ ] Farines Low Carb
               o [ ] Petit-déjeuner Low Carb
               o [ ] Muesli Low Carb
               o [ ] Sauces Low Carb
               o [ ] Plus...
          + [ ] Produits minceur
               o [ ] Retour
               o [ ] Substitut de repas
               o [ ] Brûleur de graisse
               o [ ] Coupe faim
               o [ ] Bloqueurs de glucides
               o [ ] Capteurs de graisse
               o [ ] Snacks minceur
          + [ ] Maigrir naturellement
               o [ ] Retour
               o [ ] Graines de chia
               o [ ] Psyllium
               o [ ] Jus & thé minceur
               o [ ] Quinoa
          + [ ] Vos objectifs minceur
               o [ ] Retour
               o [ ] Produits détox
               o [ ] Régime low carb
               o [ ] Remplacer le sucre
               o [ ] Maigrir vite
               o [ ] Maigrir sans faim
               o [ ] Stabiliser son poids
          + [ ] Nos packs minceur
               o [ ] Retour
               o [ ] Pack cuisine low carb
               o [ ] Pack régime 14 jours
               o [ ] Pack petit-déj minceur
               o [ ] Pack sauces Low Carb
               o [ ] Pack bloqueurs de glucides
     * Santé & Soins
          + [ ] Retour
          + [ ] Santé au naturel
               o [ ] Retour
               o [ ] Spiruline & Chlorella
               o [ ] Gelée Royale
               o [ ] Maca
               o [ ] Miel de Manuka
               o [ ] Propolis
               o [ ] Curcuma
          + [ ] Acides gras essentiels
               o [ ] Retour
               o [ ] Oméga-3
               o [ ] Oméga-3 végétalien
               o [ ] Oméga-6
               o [ ] Graines de chia
               o [ ] Huile de lin
               o [ ] Huile de bourrache
          + [ ] Vitamines
               o [ ] Retour
               o [ ] Vitamine D
               o [ ] Vitamine C
               o [ ] Vitamine B12
               o [ ] Vitamine E
               o [ ] Multivitamines
               o [ ] Vitamine B complexe
          + [ ] Minéraux
               o [ ] Retour
               o [ ] Fer
               o [ ] Magnésium
               o [ ] Équilibre acido-basique
               o [ ] Calcium
               o [ ] Zinc
          + [ ] Enfance & Maternité
               o [ ] Retour
               o [ ] Soins femme enceinte
               o [ ] Compléments grossesse
               o [ ] Soin bébé
               o [ ] Lait infantile
               o [ ] Allaitement
          + [ ] Nutriments essentiels
               o [ ] Retour
               o [ ] Acide hyaluronique
               o [ ] Coenzyme Q10
               o [ ] Astaxanthine
               o [ ] Antioxydants
               o [ ] Extraits de pépin de raisin
          + [ ] Compléments Santé
               o [ ] Retour
               o [ ] Os & Articulations
               o [ ] Système immunitaire
               o [ ] Cardio-vasculaire
               o [ ] Gastro-intestinal
               o [ ] Sexualité & Libido
               o [ ] Intolérances alimentaires
          + [ ] Soins du visage
               o [ ] Retour
               o [ ] Soins anti-âge
               o [ ] Huile de coco
               o [ ] Crème hydratante
               o [ ] Nettoyant visage
               o [ ] Baume à lèvre
               o [ ] Contour des yeux
          + [ ] Soins du corps
               o [ ] Retour
               o [ ] Huile pour le corps
               o [ ] Déodorants
               o [ ] Gel douche
               o [ ] Savon naturel
               o [ ] Soins des mains
          + [ ] Autres soins
               o [ ] Retour
               o [ ] Soins cheveux
               o [ ] Soins pour homme
               o [ ] Soins dentaires
     * % PROMOS
          + [ ] Retour
          + [ ] Promos Minceur
          + [ ] Promos Naturel & Bio
          + [ ] Promos Sport
          + [ ] Promos Santé
          + [ ] Promos Beauté
          + [ ] Zéro Gaspillage
               o [ ] Retour
               o [ ] Minceur
               o [ ] Sport
               o [ ] Naturel & Bio
               o [ ] Santé
     *  Mon compte
     * nu3Kitchen
          + [ ] Retour
          + [ ] Recettes low carb
               o [ ] Retour
               o [ ] Pâtisserie low carb
               o [ ] Snack low carb
               o [ ] Pâtes low carb
               o [ ] Pizza low carb
          + [ ] Recettes fitness
               o [ ] Retour
               o [ ] Recettes hyperprotéinées
               o [ ] Snacks hyperprotéinés
               o [ ] Petit-déjeuner fitness
               o [ ] Shakes hyperprotéinés
               o [ ] Barres hyperprotéinées
          + [ ] Recettes minceur
               o [ ] Retour
               o [ ] Recettes sans sucre
               o [ ] Régime hyperprotéiné
               o [ ] Recettes peu caloriques
               o [ ] Recettes light
               o [ ] Shakes minceur
          + [ ] Recettes de saison
               o [ ] Retour
               o [ ] Recettes d'automne
               o [ ] Recettes d'hiver
               o [ ] Recettes de Noël
               o [ ] Recettes apéro
               o [ ] Pique-nique
          + [ ] Idées de recettes
               o [ ] Retour
               o [ ] Recettes vegan
               o [ ] Pâtisserie
               o [ ] Snacks
               o [ ] Recettes superfood
               o [ ] Recettes sans gluten

     * Mon compte
     * Mes commandes
     * Adresses

   Identification Nouveau client? Créer un compte.

     * [ ] Accueil
     * [ ] Santé & Soins
     * [ ] Minéraux
     * [ ] Magnésium
     * nu3 Yacon bio, sirop

     * nu3 Bio Yacon, Sirup

   -29%

nu3 YACON BIO, SIROP, 250 g

   de nu3

   (7)
     * Douceur issue de la pomme de terre péruvienne
     * Faible indice glycémique
     * Pour sucrer avec moins de calories

   16,99 €

   11,99 €

   4,80 € / 100 g
   Le produit n'est pas disponible

   Produits similaires disponibles
   2,5 kg nu3 naturals Goji Beeren
   nu3 Baies de goji
   5 x 500 g
    
   (191)
   55,99 € 59,95 €
   22,40 € / 1 kg
   (BUTTON)
   Ajouter au panier
   nu3 Bio Kokosöl
   Top Ventes
   nu3 Huile de coco bio
   500 ml
    
   (205)
   6,99 €
   13,98 € / 1 l
   (BUTTON)
   Ajouter au panier
   nu3 Bio Hanfprotein, Pulver
   nu3 Protéine de chanvre bio, poudre
   500 g
    
   (16)
   14,99 €
   29,98 € / 1 kg
   (BUTTON)
   Ajouter au panier

   Caractéristiques
     * Sans conservateurs
     * Sans colorants
     * Végétalien

   Voir tous les détails du produit

   Ce qu'en disent nos clients

   Miam

   Ce sirop est délicieux. Ma flore intestinale est contente elle aussi.
   Super qualité

   Voir tous les avis

   Alternatives populaires
   nu3 Bio Yacon, Sirup

   nu3 Yacon bio, sirop

   250 g
   (6)

   16,99 €

   6,80 € / 100 g

   Voir le produit

   Voir toutes les alternatives

   Description
   Sirop de Yacon - sucre naturel en provenance du Pérou
     * Notre sirop de Yacon est fabriqué à partir de racines de Yacon
       biologiques.
     * Naturel: sans arôme, colorants et additifs.
     * Le sirop de Yacon a un indice glycémique plus faible que le sucre-
       une super alternative

   La racine Inca: un tubercule traditionnel succulent.
   Le Yaco est une plante verte qui provient des régions montagneuses des
   Andes sud-américaines et peut atteindre la taille impressionante de
   trois mètres. Ces plantes ont de grandes racines comestibles qui ont
   longtemps été appreciées par les autochtones. Bien que les racines
   ressemblent aux patates douces, leur goût rappelle davantage à celui du
   melon ou de la poire. Par conséquent, ils sont appréciés cru comme
   collation fruitée, en salade mais aussi cuits avec des légumes ou dans
   une boisson rafraîchissante.
   Traitement doux sans additifs
   Notre sirop de Yacon est fabriqué à partir de racines de Yacon 100%
   biologiques. Le tubercule bruns est traité à 45°C sans additifs. Le jus
   épais qui résulte de ce traîtement est brièvement pasteurisé à 80°C
   pour une conservation naturelle. Dans une bouteille de notre sirop de
   Yacon nu3, il y a plus de 3kg de racines de Yacon !
   Essayez cette alternative intelligente au sucre dans vos plats
   préférés!
   Bien que le sirop de Yacon ait un goût un peu moins sucré que le goût
   ordinaire, le miel ou encore le sirop d'érable, il constitue une
   excellente alternative pour les amateurs de sucre. Son goût délicat de
   fruit caramélisé s'accorde avec de nombreux plats. Il est tout à fait
   adapté à la cuisson. Essayez le sirop de Yacon :
     * Pour sucrer le thé ou le café
     * Comme alternative au sucre dans les gâteaux, les desserts et les
       gauffres.
     * Dans les smoothies, les céréales ou les yaourts.
     * Pour parfaire les sauces et les vinaigrettes.

   Sa particularité : comparé au sucre normal, il a deux fois moins de
   calories et un index glycémique inférieur, qui n'augmente pas beaucoup
   le niveau de sucre dans le sang. Découvrer le sirop de Yacon dès
   maintenant!
   Caractéristiques notables
     * Sans conservateurs
     * Sans colorants
     * Végétalien
     * Sans arômes
     * Sans gélatine
     * Sans gluten
     * Sans lactose
     * Ingrédients naturels
     * Sans édulcorants
     * Végétarien
     * Sans exhausteur de goût
     * Sans levure
     * Sans sucres ajoutés
     * Sans substitut de sucre
     * Sans aspartame

   Ingrédients

   sirop de yacon^1 (100%)
   ^1 Issu de l'agriculture biologique

   Conseils d'utilisation
   À utiliser comme tout autre sirop sucré notamment pour vos
   pâtisseries, smoothies , desserts, sauces et vinaigrettes . Il
   accompagnera également merveilleusement vos fruits ou vos yogourts.

   Valeur nutritive
   Eléments nutritifs Pour 100 g
   Énergie 823 kJ
   196,7 kcal
   Graisse 0,2 g
   Dont:
   Acides gras saturés -
   Glucides 35,4 g
   Dont:
   Sucre 24 g
   Protéine 0 g
   Sel &lt0,5 g
   Fibres -
   Lipides -
   Avis client
   4.4
   7 Avis
   Trier par: [Le plus utile___]
     * M
       Morgane   |  il y a 3 ans
       Miam
       Ce sirop est délicieux. Ma flore intestinale est contente elle
       aussi. Super qualité
       Avis utile?  1
     * P
       paul n.   |  il y a 2 ans Produit évalué:
       [ ] nu3 Yacon bio, sirop, 2 x 250 g
       bien
       satisfait du produit, il correspond à mes attentes, bon et pratique
       dans les préparations culinaires
       Avis utile?  1
     * S
       Sébastien   |  il y a 3 ans
       Très bon produit! Dommage que cela soit si cher!
       Beaucoup plus cher et moins polyvalent que le xylitol, le sirop de
       yacon doit être acheté principalement pour ses vertus prébiotiques.
       Afin de les préserver, il ne faudra pas l'utiliser en cuisson. Le
       goût est très bon mais peut être déroutant pour certaines
       personnes. Peut être utiliser pour remplacer le caramel sur une
       crêpe, île flottante, yaourt, tarte,tofu soyeux,etc. C'est un très
       bon produit mais le prix étant assez dissuasif, je ne sais pas si
       je renouvellerai l'expérience. Dommage pour moi.
       Avis utile?  0
     * L
       Laura   |  il y a 1 an
       produit découverte
       Très bon produit nu3, et bonne alternative au sucre.
       Avis utile?  0

   Afficher d'autres avis
     *
     * Votre avis
     *      *
     * name * ____________________
     * title * ____________________
     * recension *
       ____________________________________________________________
       ____________________________________________________________
       ____________________________________________________________
       ____________________________________________________________

   (BUTTON) Soumettre l'avis
   (BUTTON) Ecrire un avis
   Nos recommandations pour vous
   nu3 Bio Yacon, Sirup
   nu3 Yacon bio, sirop
   250 g
    
   (6)
   16,99 € 17,99 €
   6,80 € / 100 g
   (BUTTON)
   Ajouter au panier
   nu3 Bio Kokosblütenzucker
   nu3 Sucre de fleur de coco bio
   330 g
    
   (58)
   6,99 €
   21,18 € / 1 kg
   (BUTTON)
   Ajouter au panier
   nu3 Bio Agavensirup
   nu3, Sirop d'agave bio
   350 g
    
   (14)
   5,99 €
   17,11 € / 1 kg
   (BUTTON)
   Ajouter au panier
   nu3 Bio Kokosblütensirup
   nu3, Sirop de fleur de coco bio
   350 g
    
   (16)
   8,99 €
   25,69 € / 1 kg
   (BUTTON)
   Ajouter au panier
   nu3 Erythrit
   nu3 Erythritol, substitut de sucre, poudre
   230 g
    
   (36)
   3,59 € 3,99 €
   1,56 € / 100 g
   (BUTTON)
   Ajouter au panier
   nu3 Xylit, Pulver
   Top Ventes
   nu3 Xylitol, sucre de bouleau
   1000 g
    
   (67)
   15,99 €
   15,99 € / 1 kg
   (BUTTON)
   Ajouter au panier

   Informations additionnelles

nu3 Yacon bio, sirop

     * Nom nu3 Yacon bio, sirop
     * Description de l'article Sirop de Yacon
     * Pour le traitement diététique de -
     * Poids net 250 g
     * Conditionnement Sirop
     * à utiliser de préférence avant Voir bas du produit
     * Marque nu3
     * Pays d'origine Pérou
     * Langue(s) sur l'emballage allemand, anglais, français
     * Bon de livraison Pas disponible
     * Produit original de nu3 GmbH
       Brückenstr. 5
       10179 Berlin Allemagne

   Découvrez des catégories similaires
     * Sirop
     * Produits vegan
     * Petit-déjeuner sain
     * nu3 Naturel & Bio
     * Cadeaux de Noël

   Ajouter à la liste de souhaits Recommander
     *
     * Tweet

     * Accueil
     * Naturel & Bio
     * Substituts de sucre
     * Sirop
     * nu3 Yacon bio, sirop

   Le produit n'est pas disponible

   Nous vous enverrons une notification dès que le produit sera à nouveau
   disponible.
     * * ____________________
     *

   (BUTTON) Envoyer

   Communiquez-nous votre adresse email afin d'être prévenu dès que le
   produit sera à nouveau en stock. Si nos stocks ne sont pas
   réapprovisionnés, nous vous enverrons une suggestion pour un produit
   alternatif.

   15% de réduction
   sur votre prochaine commande.
   Abonnez-vous à la newsletter pour recevoir les meilleures offres,
   conseils et inspirations de nu3.
   ____________________ Adresse e-mail
   Offre valable sur les produits nu3 et Beavita.
   Nous ne partagerons pas votre email avec des tiers.Vous pouvez vous
   désabonner à tout moment.
   (BUTTON)
   S'abonner

   Service Client
     *  FR: 0805 - 112 196
             BEL: 0800 - 380 86
             LUX: 800 - 228 31
     *  service@nu3.fr
     *  Temporairement indisponible
     *  FAQ
     * [ ] plus...

   Lun–Ven   9h30-18h
   Informations
     * [ ] A propos de nous
     * [ ] Offres d'emploi
     * [ ] Presse
     * [ ] Droit de Retractation
     * [ ] Formulaire de rétractation
     * [ ] Affiliation
     * [ ] Résolution des litiges en ligne
     * [ ] Texte du contrat
     * [ ] Points de vente

   Modes de paiement
   Modes de livraison

   nu3 International
     * Deutschland
     * Schweiz
     * Österreich
     * Suisse romande
     * Italia

   [ ] CGV
   [ ] Confidentialité
   [ ] Mentions légales
   [ ] Plan du site
   © 2019 nu3 GmbH - Berlin, Allemagne
   Prix TTC [ ] Frais de port non inclus (Livraison écologique)

   IFRAME: //www.googletagmanager.com/ns.html?id=GTM-WRH7SR
    #alternate alternate alternate alternate alternate alternate

   nu3 utilise des cookies afin d’améliorer votre expérience. En utilisant
   notre site Web, vous acceptez notre usage des cookies. 

   Conseils gratuits 0805 112 196
   Expédition rapide
   [ ] Livraison gratuite dès 49€
   

   ____________________ (BUTTON) Rechercher

   [ ]
   Panier 0,00 €
   Livraison gratuite

   0,00 € Total intermédiaire:
   Accéder au panier

   
   A
   
   
   
   0
     *
          + [ ] Top produits nu3
               o [ ] Produits minceur
               o [ ] Protéines végétales
               o [ ] Faibles en glucides
               o [ ] Super aliments
          + [ ] Produits favoris
               o [ ] Beurre de cacahuète
               o [ ] Huile de coco
               o [ ] Sucre de bouleau
               o [ ] Açaï
               o [ ] Whey
          + Conseils nutrition
               o [ ] Intolérances alimentaires
               o [ ] Farines sans gluten
               o [ ] Nouilles de konjac
               o [ ] Quel curcuma prendre ?
               o [ ] Vitamine D : aliments
          + [ ] Régimes pour maigrir
               o [ ] Régime hyperprotéiné
               o [ ] Programme hyperprotéiné 7 jours
               o [ ] Alimentation low carb
               o [ ] Obtenir un ventre plat
               o [ ] Meilleur shake minceur
          + Conseils musculation
               o [ ] Conseils prise de masse
               o [ ] Prise de masse femme
               o [ ] Petit-déjeuner protéiné
               o [ ] Aliments hyperprotéinés
               o [ ] Meilleure whey
     * Naturel & Bio
          + [ ] Retour
          + Super aliments
               o [ ] Retour
               o Baies de Goji
               o Graines de Chia
               o Noix de coco
               o Spiruline & Chlorella
               o Curcuma
               o Aronia
          + Poudre de superfruits
               o [ ] Retour
               o Açaï
               o Acérola
               o Guarana
               o Plus...
          + Edulcorants naturels
               o [ ] Retour
               o Xylitol - Sucre de bouleau
               o Erythritol
               o Sucre de coco
               o Sirops
               o Yacon
          + Pâtes à tartiner
               o [ ] Retour
               o Beurre de cacahuète
               o Purée de noix de cajou
               o Purée d'amande
               o Purée de noisette
               o Purée de coco
          + Jus et boissons
               o [ ] Retour
               o Smoothies
               o Jus d'aloe vera
               o Jus de légumes & Breuss
          + Sans gluten
               o [ ] Retour
               o Pâtes & Riz
               o Farine d'amande
               o Farine de coco
               o Farine de chia
               o Plus de farines...
          + Snacks sains
               o [ ] Retour
               o Barres
               o Smart Nuts
               o Superfood Trail Mix
               o Noix de Macadamia
               o Fruits secs
          + Petit-déjeuner
               o [ ] Retour
               o Muesli & Porridges
               o Pâte à tartiner
               o Matcha & Thé
               o Miel de Manuka
               o Cacao & Chocolat
          + Huiles naturelles
               o [ ] Retour
               o Huile de coco
               o Huile de chanvre
     * Sport
          + [ ] Retour
          + [ ] Protéines
               o [ ] Retour
               o [ ] Whey
               o [ ] Shakes protéinés
               o [ ] Beurre de cacahuète
               o [ ] Pancake & Mugcake
               o [ ] Protéines sans lactose
               o [ ] Plus...
          + [ ] Protéines végétales
               o [ ] Retour
               o [ ] Protéine mix vegan
               o [ ] Protéine de riz
               o [ ] Protéine de chanvre
               o [ ] Protéine de courge
               o [ ] Protéine de pois
          + [ ] Acides aminés
               o [ ] Retour
               o [ ] BCAA
               o [ ] L-Carnitine
               o [ ] Créatine & Creapure®
               o [ ] Glutamine
               o [ ] L-Arginine
               o [ ] Tyrosine
          + [ ] Barres & snacks
               o [ ] Retour
               o [ ] Barres protéinées
               o [ ] Barres énergétiques
               o [ ] Beurres de noix
               o [ ] Beef Jerky
               o [ ] Boissons protéinées
          + [ ] Compléments sportifs
               o [ ] Retour
               o [ ] Oméga-3
               o [ ] Spiruline
               o [ ] Minéraux
               o [ ] Glucides
               o [ ] Extrait de thé vert
          + [ ] Objectif : Muscle & Force
               o [ ] Retour
               o [ ] Prise de masse
               o [ ] Prise rapide
               o [ ] Cure de créatine
               o [ ] Programme alimentaire
               o [ ] Prise de masse sèche
               o [ ] Prise de masse femme
          + [ ] Tests comparatifs nu3 :
               o [ ] Retour
               o [ ] Meilleure barre protéinée
               o [ ] Meilleure whey
               o [ ] Meilleure poudre protéinée
               o [ ] Meilleurs acides aminés
               o [ ] Meilleurs BCAA
               o [ ] Meilleures protéines vegan
     * Maigrir
          + [ ] Retour
          + [ ] Produits Low Carb
               o [ ] Retour
               o [ ] Pâtes Low Carb
               o [ ] Farines Low Carb
               o [ ] Petit-déjeuner Low Carb
               o [ ] Muesli Low Carb
               o [ ] Sauces Low Carb
               o [ ] Plus...
          + [ ] Produits minceur
               o [ ] Retour
               o [ ] Substitut de repas
               o [ ] Brûleur de graisse
               o [ ] Coupe faim
               o [ ] Bloqueurs de glucides
               o [ ] Capteurs de graisse
               o [ ] Snacks minceur
          + [ ] Maigrir naturellement
               o [ ] Retour
               o [ ] Graines de chia
               o [ ] Psyllium
               o [ ] Jus & thé minceur
               o [ ] Quinoa
          + [ ] Vos objectifs minceur
               o [ ] Retour
               o [ ] Produits détox
               o [ ] Régime low carb
               o [ ] Remplacer le sucre
               o [ ] Maigrir vite
               o [ ] Maigrir sans faim
               o [ ] Stabiliser son poids
          + [ ] Nos packs minceur
               o [ ] Retour
               o [ ] Pack cuisine low carb
               o [ ] Pack régime 14 jours
               o [ ] Pack petit-déj minceur
               o [ ] Pack sauces Low Carb
               o [ ] Pack bloqueurs de glucides
     * Santé & Soins
          + [ ] Retour
          + [ ] Santé au naturel
               o [ ] Retour
               o [ ] Spiruline & Chlorella
               o [ ] Gelée Royale
               o [ ] Maca
               o [ ] Miel de Manuka
               o [ ] Propolis
               o [ ] Curcuma
          + [ ] Acides gras essentiels
               o [ ] Retour
               o [ ] Oméga-3
               o [ ] Oméga-3 végétalien
               o [ ] Oméga-6
               o [ ] Graines de chia
               o [ ] Huile de lin
               o [ ] Huile de bourrache
          + [ ] Vitamines
               o [ ] Retour
               o [ ] Vitamine D
               o [ ] Vitamine C
               o [ ] Vitamine B12
               o [ ] Vitamine E
               o [ ] Multivitamines
               o [ ] Vitamine B complexe
          + [ ] Minéraux
               o [ ] Retour
               o [ ] Fer
               o [ ] Magnésium
               o [ ] Équilibre acido-basique
               o [ ] Calcium
               o [ ] Zinc
          + [ ] Enfance & Maternité
               o [ ] Retour
               o [ ] Soins femme enceinte
               o [ ] Compléments grossesse
               o [ ] Soin bébé
               o [ ] Lait infantile
               o [ ] Allaitement
          + [ ] Nutriments essentiels
               o [ ] Retour
               o [ ] Acide hyaluronique
               o [ ] Coenzyme Q10
               o [ ] Astaxanthine
               o [ ] Antioxydants
               o [ ] Extraits de pépin de raisin
          + [ ] Compléments Santé
               o [ ] Retour
               o [ ] Os & Articulations
               o [ ] Système immunitaire
               o [ ] Cardio-vasculaire
               o [ ] Gastro-intestinal
               o [ ] Sexualité & Libido
               o [ ] Intolérances alimentaires
          + [ ] Soins du visage
               o [ ] Retour
               o [ ] Soins anti-âge
               o [ ] Huile de coco
               o [ ] Crème hydratante
               o [ ] Nettoyant visage
               o [ ] Baume à lèvre
               o [ ] Contour des yeux
          + [ ] Soins du corps
               o [ ] Retour
               o [ ] Huile pour le corps
               o [ ] Déodorants
               o [ ] Gel douche
               o [ ] Savon naturel
               o [ ] Soins des mains
          + [ ] Autres soins
               o [ ] Retour
               o [ ] Soins cheveux
               o [ ] Soins pour homme
               o [ ] Soins dentaires
     * % PROMOS
          + [ ] Retour
          + [ ] Promos Minceur
          + [ ] Promos Naturel & Bio
          + [ ] Promos Sport
          + [ ] Promos Santé
          + [ ] Promos Beauté
          + [ ] Zéro Gaspillage
               o [ ] Retour
               o [ ] Minceur
               o [ ] Sport
               o [ ] Naturel & Bio
               o [ ] Santé
     *  Mon compte
     * nu3Kitchen
          + [ ] Retour
          + [ ] Recettes low carb
               o [ ] Retour
               o [ ] Pâtisserie low carb
               o [ ] Snack low carb
               o [ ] Pâtes low carb
               o [ ] Pizza low carb
          + [ ] Recettes fitness
               o [ ] Retour
               o [ ] Recettes hyperprotéinées
               o [ ] Snacks hyperprotéinés
               o [ ] Petit-déjeuner fitness
               o [ ] Shakes hyperprotéinés
               o [ ] Barres hyperprotéinées
          + [ ] Recettes minceur
               o [ ] Retour
               o [ ] Recettes sans sucre
               o [ ] Régime hyperprotéiné
               o [ ] Recettes peu caloriques
               o [ ] Recettes light
               o [ ] Shakes minceur
          + [ ] Recettes de saison
               o [ ] Retour
               o [ ] Recettes d'automne
               o [ ] Recettes d'hiver
               o [ ] Recettes de Noël
               o [ ] Recettes apéro
               o [ ] Pique-nique
          + [ ] Idées de recettes
               o [ ] Retour
               o [ ] Recettes vegan
               o [ ] Pâtisserie
               o [ ] Snacks
               o [ ] Recettes superfood
               o [ ] Recettes sans gluten

     * Mon compte
     * Mes commandes
     * Adresses

   Identification Nouveau client? Créer un compte.

     * [ ] Accueil
     * [ ] Santé & Soins
     * [ ] Minéraux
     * [ ] Magnésium
     * nu3 Yacon bio, sirop

     * nu3 Bio Yacon, Sirup, lot de 2
     * nu3 Bio Yacon, Sirup, lot de 2

   -32%
     * nu3 Bio Yacon, Sirup, lot de 2
     * nu3 Bio Yacon, Sirup, lot de 2

nu3 YACON BIO, SIROP, 2 x 250 g

   de nu3

   (7)
     * Douceur issue de la pomme de terre péruvienne
     * Faible indice glycémique
     * Pour sucrer avec moins de calories

   33,98 €

   22,99 €

   4,60 € / 100 g
   Le produit n'est pas disponible

   Produits similaires disponibles
   2,5 kg nu3 naturals Goji Beeren
   nu3 Baies de goji
   5 x 500 g
    
   (191)
   55,99 € 59,95 €
   22,40 € / 1 kg
   (BUTTON)
   Ajouter au panier
   nu3 Bio Kokosöl
   Top Ventes
   nu3 Huile de coco bio
   500 ml
    
   (205)
   6,99 €
   13,98 € / 1 l
   (BUTTON)
   Ajouter au panier
   nu3 Bio Hanfprotein, Pulver
   nu3 Protéine de chanvre bio, poudre
   500 g
    
   (16)
   14,99 €
   29,98 € / 1 kg
   (BUTTON)
   Ajouter au panier

   Caractéristiques
     * Sans conservateurs
     * Sans colorants
     * Végétalien

   Voir tous les détails du produit

   Ce qu'en disent nos clients

   bien

   un peu cher mais bon

   Voir tous les avis

   Alternatives populaires
   nu3 Bio Yacon, Sirup

   nu3 Yacon bio, sirop

   250 g
   (6)

   16,99 €

   6,80 € / 100 g

   Voir le produit

   Voir toutes les alternatives

   Description

   Sirop de Yacon - sucre naturel en provenance du Pérou
     * Notre sirop de Yacon est fabriqué à partir de racines de Yacon
       biologiques.
     * Naturel: sans arôme, colorants et additifs.
     * Le sirop de Yacon a un indice glycémique plus faible que le sucre-
       une super alternative

   La racine Inca: un tubercule traditionnel succulent.
   Le Yaco est une plante verte qui provient des régions montagneuses
   des Andes sud-américaines et peut atteindre la taille impressionante de
   trois mètres. Ces plantes ont de grandes racines comestibles qui ont
   longtemps été appreciées par les autochtones. Bien que les racines
   ressemblent aux patates douces, leur goût rappelle davantage à celui du
   melon ou de la poire. Par conséquent, ils sont appréciés cru comme
   collation fruitée, en salade mais aussi cuits avec des légumes ou dans
   une boisson rafraîchissante.
   Traitement doux sans additifs
   Notre sirop de Yacon est fabriqué à partir de racines de Yacon 100%
   biologiques. Le tubercule bruns est traité à 45°C sans additifs. Le jus
   épais qui résulte de ce traîtement est brièvement pasteurisé à 80°C
   pour une conservation naturelle. Dans une bouteille de notre sirop de
   Yacon nu3, il y a plus de 3kg de racines de Yacon !
   Essayez cette alternative intelligente au sucre dans vos plats
   préférés!
   Bien que le sirop de Yacon ait un goût un peu moins sucré que le goût
   ordinaire, le miel ou encore le sirop d'érable, il constitue une
   excellente alternative pour les amateurs de sucre. Son goût délicat de
   fruit caramélisé s'accorde avec de nombreux plats. Il est tout à fait
   adapté à la cuisson. Essayez le sirop de Yacon :
     * Pour sucrer le thé ou le café
     * Comme alternative au sucre dans les gâteaux, les desserts et les
       gauffres.
     * Dans les smoothies, les céréales ou les yaourts.
     * Pour parfaire les sauces et les vinaigrettes.

   Sa particularité : comparé au sucre normal, il a deux fois moins de
   calories et un index glycémique inférieur, qui n'augmente pas beaucoup
   le niveau de sucre dans le sang. Découvrer le sirop de Yacon dès
   maintenant!
   Caractéristiques notables
     * Sans conservateurs
     * Sans colorants
     * Végétalien
     * Sans arômes
     * Sans gélatine
     * Sans gluten
     * Sans lactose
     * Ingrédients naturels
     * Sans édulcorants
     * Végétarien
     * Sans exhausteur de goût
     * Sans levure
     * Sans sucres ajoutés
     * Sans substitut de sucre
     * Sans aspartame

   Ingrédients

   sirop de yacon^1 (100%)
   ^1 Issu de l'agriculture biologique

   Conseils d'utilisation
   À utiliser comme tout autre sirop sucré notamment pour vos
   pâtisseries, smoothies , desserts, sauces et vinaigrettes . Il
   accompagnera également merveilleusement vos fruits ou vos yogourts.

   Valeur nutritive
   Eléments nutritifs Pour 100 g
   Énergie 823 kJ
   196,7 kcal
   Graisse 0,2 g
   Dont:
   Acides gras saturés -
   Glucides 35,4 g
   Dont:
   Sucre 24 g
   Protéine 0 g
   Sel &lt0,5 g
   Fibres -
   Lipides -
   Avis client
   4.4
   7 Avis
   Trier par: [Le plus utile___]
     * P
       paul n.   |  il y a 2 ans
       bien
       satisfait du produit, il correspond à mes attentes, bon et pratique
       dans les préparations culinaires
       Avis utile?  1
     * M
       Morgane   |  il y a 3 ans Produit évalué:
       [ ] nu3 Yacon bio, sirop, 250 g
       Miam
       Ce sirop est délicieux. Ma flore intestinale est contente elle
       aussi. Super qualité
       Avis utile?  1
     * C
       CECILE   |  il y a 2 ans
       bien
       un peu cher mais bon
       Avis utile?  0
     * M
       Miriam   |  il y a 2 ans
       Trop bon
       Fini les confitures pleines de sucre, le yacon c'est trop bon !
       J'en mets sur mes toasts le matin ou même pour sucrer mon café
       Avis utile?  0

   Afficher d'autres avis
     *
     * Votre avis
     *      *
     * name * ____________________
     * title * ____________________
     * recension *
       ____________________________________________________________
       ____________________________________________________________
       ____________________________________________________________
       ____________________________________________________________

   (BUTTON) Soumettre l'avis
   (BUTTON) Ecrire un avis
   Nos recommandations pour vous
   nu3 Bio Yacon, Sirup
   nu3 Yacon bio, sirop
   250 g
    
   (6)
   16,99 € 17,99 €
   6,80 € / 100 g
   (BUTTON)
   Ajouter au panier
   nu3 Bio Kokosblütenzucker
   nu3 Sucre de fleur de coco bio
   330 g
    
   (58)
   6,99 €
   21,18 € / 1 kg
   (BUTTON)
   Ajouter au panier
   nu3 Bio Agavensirup
   nu3, Sirop d'agave bio
   350 g
    
   (14)
   5,99 €
   17,11 € / 1 kg
   (BUTTON)
   Ajouter au panier
   nu3 Bio Kokosblütensirup
   nu3, Sirop de fleur de coco bio
   350 g
    
   (16)
   8,99 €
   25,69 € / 1 kg
   (BUTTON)
   Ajouter au panier
   nu3 Xylit, Pulver
   Top Ventes
   nu3 Xylitol, sucre de bouleau
   1000 g
    
   (67)
   15,99 €
   15,99 € / 1 kg
   (BUTTON)
   Ajouter au panier
   nu3 Erythrit
   nu3 Erythritol, substitut de sucre, poudre
   230 g
    
   (36)
   3,59 € 3,99 €
   1,56 € / 100 g
   (BUTTON)
   Ajouter au panier

   Informations additionnelles

nu3 Yacon bio, sirop

   Par produit
     * Nom nu3 Yacon bio, sirop
     * Description de l'article Sirop de Yacon
     * Pour le traitement diététique de -
     * Poids net 250 g
     * Conditionnement Sirop
     * à utiliser de préférence avant Voir bas du produit
     * Marque nu3
     * Pays d'origine Pérou
     * Langue(s) sur l'emballage allemand, anglais, français
     * Bon de livraison Pas disponible
     * Produit original de nu3 GmbH
       Brückenstr. 5
       10179 Berlin Allemagne

   Découvrez des catégories similaires
     * Sirop
     * Produits vegan
     * Petit-déjeuner sain
     * nu3 Naturel & Bio
     * Cadeaux de Noël
     * Premium Deals

   Ajouter à la liste de souhaits Recommander
     *
     * Tweet

     * Accueil
     * Naturel & Bio
     * Substituts de sucre
     * Sirop
     * nu3 Yacon bio, sirop

   Le produit n'est pas disponible

   Nous vous enverrons une notification dès que le produit sera à nouveau
   disponible.
     * * ____________________
     *

   (BUTTON) Envoyer

   Communiquez-nous votre adresse email afin d'être prévenu dès que le
   produit sera à nouveau en stock. Si nos stocks ne sont pas
   réapprovisionnés, nous vous enverrons une suggestion pour un produit
   alternatif.

   15% de réduction
   sur votre prochaine commande.
   Abonnez-vous à la newsletter pour recevoir les meilleures offres,
   conseils et inspirations de nu3.
   ____________________ Adresse e-mail
   Offre valable sur les produits nu3 et Beavita.
   Nous ne partagerons pas votre email avec des tiers.Vous pouvez vous
   désabonner à tout moment.
   (BUTTON)
   S'abonner

   Service Client
     *  FR: 0805 - 112 196
             BEL: 0800 - 380 86
             LUX: 800 - 228 31
     *  service@nu3.fr
     *  Temporairement indisponible
     *  FAQ
     * [ ] plus...

   Lun–Ven   9h30-18h
   Informations
     * [ ] A propos de nous
     * [ ] Offres d'emploi
     * [ ] Presse
     * [ ] Droit de Retractation
     * [ ] Formulaire de rétractation
     * [ ] Affiliation
     * [ ] Résolution des litiges en ligne
     * [ ] Texte du contrat
     * [ ] Points de vente

   Modes de paiement
   Modes de livraison

   nu3 International
     * Deutschland
     * Schweiz
     * Österreich
     * Suisse romande
     * Italia

   [ ] CGV
   [ ] Confidentialité
   [ ] Mentions légales
   [ ] Plan du site
   © 2019 nu3 GmbH - Berlin, Allemagne
   Prix TTC [ ] Frais de port non inclus (Livraison écologique)

   IFRAME: //www.googletagmanager.com/ns.html?id=GTM-WRH7SR
